3100 4860
540 275 639 286 -—-
693 231 923 312 tta-—

190 427 217 474 ln
242 423 353 474 arenosis
376 422 441 471 iuter
462 419 566 469 frutices
590 420 655 469 sitos
679 419 711 468 ad
732 417 836 468 fluminis
859 419 998 480 cygnorum
1022 416 1099 478 ripam
1124 413 1248 475 deutrum,
1277 415 1340 466 baad

114 495 254 568 procul—ab
273 491 388 557 oppidulo
406 491 570 548 Freemautle,
589 502 672 538 mense
689 489 803 538 lanuario
821 487 898 536 1839.
933 487 1010 536 Herb.
1028 485 1120 536 Preion.
1139 485 1187 534 No.
1204 487 1247 538 st.

189 575 278 646 llrrjns
294 575 399 640 formae
417 591 471 628 non
489 572 541 626 nisi
558 572 707 643 specimina
725 571 781 625 duo
801 569 836 624 ad
850 568 1056 625 manusbabeo.
1092 567 1234 626 Pertinent
1247 573 1340 626 certis·

115 651 187 703 sime
210 646 246 700 ad
270 662 330 701 var.
349 651 374 710 β.
392 660 547 698 romoeum
567 642 600 696 cl.
620 641 764 696 Gandollei
782 642 800 698 l.
820 659 844 695 c.
863 640 968 695 etiamsi
986 637 1187 712 simplicissima
1203 649 1274 695 sunt.
1311 641 1340 696 ln

116 718 212 773 axillis
236 717 306 770 enim
331 713 459 769 loliorum
482 713 672 766 innovationes
694 727 856 766 numerosae
881 711 1073 774 observantur,
1100 719 1127 764 et
1150 709 1262 780 iusrrper
1281 727 1339 764 cum

116 787 312 859 speciminibus
331 784 512 851 Sieberianis‚
531 800 553 837 s.
571 799 597 836 n.
617 779 669 834 :tta
688 781 783 848 editis,
801 780 870 835 bene
888 789 1049 850 congruunt
1086 777 1176 836 Folia
1193 780 1342 902 inportare

116 859 229 927 quidem
248 855 343 928 paullo
361 855 476 921 latiora,
504 853 554 906 sed
570 855 732 936 superiora
751 861 779 905 et
797 851 995 907 involucrulta
1016 849 1205 920 angustissime
1238 851 1342 904 incuria

116 937 190 982 sunt.
210 926 372 982 Tomentum
397 925 423 977 in
448 923 527 978 caule
552 932 579 978 et
601 939 628 976 sn
651 919 782 978 interiore
807 920 935 975 loliorum
958 933 995 990 pc
1015 919 1060 974 ina
1083 919 1195 976 densius
1211 927 1239 974 et
1256 920 1342 991 magis

116 996 267 1052 candidum
297 995 462 1061 observavi,
498 1001 526 1048 et
548 992 682 1047 involucri
707 1006 836 1061 squamas
858 991 947 1044 minus
971 938 1055 1044 dilate
1080 989 1233 1059 coloratas,
1261 1006 1342 1060 quarn
1368 1055 1378 1066 ι

116 1069 145 1122 in
164 1067 299 1124 varietate
316 1085 343 1121 u.
379 1063 536 1119 Certissima
554 1079 623 1118 vero
640 1079 696 1116 non
715 1069 756 1116 est
774 1061 881 1134 species
900 1061 1021 1132 propriu.

148 1299 580 1395 PTEROPOGON
616 1300 718 1390 DC.
792 1299 924 1386 Endl.
965 1327 1066 1416 gen.
1102 1328 1145 1386 n.
1182 1307 1313 1394 atas.

148 1439 307 1530 Meisn.
348 1467 449 1556 gen.
487 1443 588 1529 218
631 1433 773 1552 (itt.)
843 1431 944 1522 Dc.
985 1431 1134 1550 prodr.
1176 1435 1245 1523 Tc
1268 1443 1311 1526 a.
1409 1491 1412 1498 ι

63 1581 67 1588 ’
510 1585 614 1687 pag.
644 1572 746 1660 245.
775 1597 819 1656 u.
850 1572 950 1662 557.

120 1755 150 1817 1.
204 1754 515 1837 Pteropogon
547 1746 805 1833 spicatum)
841 1747 957 1816 Steetz.
997 1747 1113 1812 radice
1152 1743 1341 1826 mutuanti,

205 1835 357 1902 caulibus
386 1831 592 1918 simplicibus
620 1831 717 1920 apice
743 1830 951 1896 nudiusculis
978 1853 1053 1897 eum
1074 1830 1164 1898 foliis
1184 1829 1341 1896 filiformi·

204 1923 268 1988 bus
296 1919 374 1984 laxe
403 1917 705 1995 cinereo-lanatis,
738 1915 893 2000 capitulis
920 1917 954 1980 in
982 1917 1079 2002 apice
1109 1915 1215 1983 caulis
1237 1917 1340 1984 dense

206 2001 556 2093 glomerato-spicatis
577 1999 828 2066 subsessilibus.

191 2113 217 2160 ln
234 2109 469 2160 limoso-calculosis
487 2107 623 2156 illustribus
640 2107 725 2156 lateris
743 2107 871 2156 orientalis
888 2108 978 2156 montis
995 2107 1126 2167 Lehmann,
1144 2107 1275 2159 altitudine
1286 2109 1341 2173 ped.

119 2183 181 2232 762.
201 2183 225 2231 d.
243 2182 269 2234 4.
288 2182 358 2244 Sept.
376 2179 454 2229 1839.
490 2179 568 2227 Herb.
586 2177 678 2227 Prclss.
695 2177 744 2228 No.
763 2177 806 2230 nt.

189 2263 302 2334 „Herba
319 2281 409 2319 annana
427 2260 632 2331 dodrantalis“,
654 2261 700 2317 vel
718 2259 776 2316 sere
793 2261 909 2333 pedalis.
947 2259 1052 2316 uasta
1069 2263 1172 2332 tenuis,
1196 2265 1341 2336 perpendi·

121 2336 237 2404 colaris,
256 2351 340 2408 parce
357 2351 482 2403 ramosa,
501 2334 661 2406 plerumque
678 2332 850 2389 multicaulia.
889 2331 995 2388 Ocules
1011 2328 1083 2399 26,
1101 2333 1206 2389 medius
1224 2344 1341 2404 erectus,

120 2406 249 2463 laterales
267 2405 531 2473 subadscendcutes,
559 2419 652 2460 omues
671 2404 786 2471 arrecti,
812 2403 964 2476 simplices,
988 2408 1104 2471 teretes,
1127 2403 1226 2459 leviter
1243 2406 1342 2474 striati,

120 2475 185 2531 lana
203 2493 348 2550 appresso,
365 2477 474 2530 cinerea
490 2474 554 2530 laxe
573 2474 672 2529 vestiti.
707 2473 797 2529 Folia
814 2475 841 2529 in
855 2473 983 2530 interiore
1004 2472 1090 2526 caulis
1106 2483 1186 2546 parte
1200 2485 1341 2547 congesta,

120 2545 268 2615 iiliiormia,
286 2546 420 2614 flaccida,
438 2545 498 2600 basi
516 2545 615 2600 latiore
633 2543 924 2616 semiamplesicaulis‚
942 2561 959 2598 a
979 2542 1021 2596 icc
1040 2541 1340 2614 calloso-mucronata,

122 2627 149 2672 ct
167 2617 366 2685 conlisionem,
384 2632 518 2688 appresso
537 2623 564 2670 et
581 2614 646 2670 lane
664 2614 903 2684 cinereo-lanata,
921 2561 1026 2682 tassma
1044 2613 1185 2686 opposita,
1203 2615 1340 2688 elongata,

124 2685 399 2758 l-l¹J,·pollicaria,
417 2705 451 2740 sa
476 2691 576 2741 eriora
594 2683 716 2752 alterna,
734 2683 835 2739 sensim
851 2683 997 2749 breviora,
1014 2701 1134 2739 summa
1150 2693 1274 2754 remota,
1294 2703 1340 2742 un·

13 2755 15 2794 ³
140 2757 291 2823 ustissima,
313 2753 366 2807 1-3
384 2755 429 2810 lin.
449 2704 539 2827 Konga.
580 2753 721 2828 Capttuta
738 2752 898 2825 cylindrica,
915 2753 1033 2822 sessilis,
1052 2754 1098 2810 vel
1115 2753 1276 2812 brevissime
1293 2774 1340 2828 pe·

122 2774 268 2892 diuellata,
286 2825 423 2896 patentia,
442 2822 459 2875 2
476 2825 522 2880 lin.
542 2825 651 2880 circiter
669 2824 766 2910 longa,
791 2824 1028 2892 numerosissima,
1053 2823 1202 2896 inspicant
1220 2835 1341 2895 ovatum,

123 2896 319 2963 abbreviatam,
338 2893 396 2946 6·S
413 2895 459 2949 lin.
477 2895 596 2966 longam,
616 2893 850 2964 confertissimam,
869 2894 929 2949 basi
946 2894 1062 2962 nudam,
1082 2902 1118 2963 et,
1138 2894 1264 2966 capitulis
1283 2893 1339 2948 3-5

122 2965 220 3020 infimis
239 2965 374 3021 intertium
401 2964 617 3089 repoposculisl,
645 2965 824 3088 interruptam
848 2965 999 3050 disposita,
1026 2961 1154 3019 5·ilora.
1190 2961 1343 3021 Inuolucrt

121 3053 478 3175 idall,“inlall⁰?lnnn
496 3051 657 3161 ,tiata
671 3035 1339 3178 0255,letullllbllaalii‘ablililll:

122 3185 235 3246 ovatae,
260 3175 462 3245 acutiusculae‚
487 3176 541 3231 ima
558 3176 619 3230 basi
636 3177 702 3232 laxe
721 3125 845 3241 bastae,
863 3181 1020 3232 intentores
1039 3175 1125 3247 duplo
1143 3177 1264 3248 triplove
1281 3177 1339 3232 lon·

139 3247 220 3315 iores,
239 3245 257 3298 2
273 3248 319 3302 lin.
338 3248 447 3320 longae,
467 3264 482 3300 c
502 3246 693 3316 abactorum,
713 3247 792 3318 apice
810 3247 926 3302 obtusae
945 3253 972 3302 et
990 3246 1178 3316 conniventes,
1197 3247 1339 3316 deciduae,

122 3264 234 3373 boribus
252 3318 375 3373 nonnisi
394 3265 544 3388 paullulum
566 3316 717 3374 breviores.
754 3315 989 3392 Receptaculum
1015 3317 1247 3389 augustissimum,
1276 3337 1340 3391 epa·

121 3386 257 3456 leaceum,
276 3389 451 3444 alveolatum.
485 3385 589 3444 Floras
606 3388 633 3443 in
652 3387 750 3472 quovis
768 3388 890 3472 capitulo
908 3383 935 3454 5,
953 3387 999 3442 vel
1017 3387 1154 3441 rarissime
1173 3386 1206 3453 l,
1225 3404 1340 3457 quarum

122 3457 174 3511 bini
199 3459 351 3513 exteriores
374 3457 591 3530 hermaphroditi
613 3457 731 3523 iertrles,
750 3466 820 3510 terni
838 3456 884 3512 vel
901 3456 957 3511 bini
974 3457 1118 3511 interiores
1136 3456 1244 3512 steriles
1290 3459 1342 3516 sed

122 3542 174 3580 non
193 3527 306 3580 masculi
324 3537 394 3583 sunt.
424 3526 560 3583 Cucullae
578 3527 696 3581 omnium
714 3526 868 3593 tubulosae‚
887 3521 1056 3593 5-dentatae,
1076 3524 1200 3580 dentibus
1216 3499 1338 3596 redenis,

122 3595 301 3664 nigricantes,
327 3598 373 3651 vel
390 3597 528 3652 rarissime
545 3595 734 3668 ferrugineas,
761 3593 866 3652 inferne
884 3595 949 3650 laxe
967 3594 1090 3662 lanatae,
1119 3611 1204 3666 supra
1222 3598 1339 3652 medium

13 3681 15 3728 ;
138 3664 339 3733 labriusculae‚
369 3665 457 3730 t-la,
489 3666 536 3719 lin.
564 3666 672 3736 longae.
717 3662 869 3719 Antlserae
893 3665 1092 3733 subessertae,
1118 3664 1177 3719 basi
1224 3666 1337 3724 illlerae.

122 3682 224 3805 {tylos
247 3735 340 3805 niger,
368 3735 448 3806 apice
472 3733 588 3802 bilidus,
605 3737 701 3788 rumis
718 3733 797 3804 apice
816 3733 1166 3804 capitellum-incrassatis.
1202 3685 1294 3792 Etiam
1311 3738 1337 3792 in

123 3803 236 3858 floribus
253 3805 390 3860 sterilibus
409 3820 518 3874 semper
534 3805 645 3874 stylum
661 3801 774 3857 bifidum
792 3801 949 3872 observavi,
968 3809 1063 3860 sumto
1079 3819 1148 3858 vero
1166 3807 1254 3860 tainus
1273 3824 1337 3862 evo·

122 3874 197 3942 lutis,
225 3883 251 3928 et
269 3875 295 3928 in
322 3874 393 3928 ilore
411 3873 537 3944 inaperta
554 3891 639 3956 saepe
657 3871 856 3943 conglutinatis.
892 3872 1046 3930 Acbacna'o
1061 3875 1173 3946 floram
1188 3875 1339 3946 fertilium

123 3945 251 4012 obovata,
269 3943 341 3998 villis
356 3944 482 4010 sericeis,
501 3939 705 3997 confertissimis
723 3943 834 4010 vestita,
851 3943 1039 4015 superioribus
1056 3943 1192 3999 acbaenio
1207 3945 1337 4018 longiori·

121 4015 170 4070 bus
188 4023 215 4070 et
233 4031 354 4087 pappum
374 4013 537 4068 exteriorem
555 4010 756 4077 simulantibus3
773 4013 884 4082 florum
897 4015 1045 4070 sterilium
1055 4013 1204 4082 illitormia,
1223 4015 1338 4084 hirsuta,

123 4086 210 4140 omnia
227 4085 254 4139 in
272 4083 372 4138 callum
389 4082 535 4138 busilarem
552 4081 722 4155 perforatum
741 4082 906 4152 desinentia,
925 4103 1034 4159 pappo
1052 4086 1180 4156 plumoso
1198 4097 1337 4158 snperato,

123 4165 148 4211 et
170 4154 257 4226 ¹l,·³l,
277 4155 323 4210 lin.
342 4155 433 4226 longa.
471 4152 519 4208 Pa
565 4159 674 4209 tectae
692 4152 801 4209 circiter
821 4151 869 4222 16,
889 4162 969 4210 costa
987 4155 1185 4224 crasslnscula,
1208 4155 1338 4213 deusest

13 4281 15 4296 ‚
122 4226 288 4298 longiuscule
326 4225 466 4292 lomosae,
485 4222 512 4278 lu
525 4241 587 4291 vae,
606 4223 743 4279 dimidiam
763 4223 896 4279 corollam
915 4235 1086 4298 superantes,
1105 4227 1132 4280 in
1151 4223 1266 4282 floribus
1284 4235 1337 4284 ste·

122 4297 213 4352 riiibus
231 4243 366 4353 interdum
384 4294 478 4368 parrllo
497 4294 655 4362 breviores,
674 4295 882 4366 paucioresque.

121 4411 517 4424 ——--—-—-——-—-—-—-··-·

187 4476 204 4525 'l
222 4475 379 4522 Vocabulum:
399 4466 516 4541 motyuir,
535 4474 616 4530 barba,
635 4479 672 4518 est
689 4475 813 4521 masculini
830 4476 924 4533 mauris
942 4489 985 4520 nee
1003 4477 1116 4521 neutrius.

323 4707 356 4750 ,b
