3100 4860
559 251 647 258 -
713 207 943 276 411-

214 394 281 448 Obs.
303 391 324 447 l.
361 391 519 464 Speciurlna
536 389 651 446 liciano
668 392 804 448 involucri
822 391 941 462 squamis
959 394 1047 446 rosels
1071 407 1126 444 non
1152 389 1283 461 gandent,
1312 391 1361 445 sed

133 481 193 518 non
218 463 269 517 nisi
291 463 387 516 lacteis
412 469 510 516 ornata
537 469 608 515 sunt.
655 461 760 518 Cautes
784 463 904 517 annotini
931 461 1130 516 desiderantur.
1174 459 1319 516 Caeterum
1344 479 1361 514 n

131 531 304 587 Preissianis
322 532 396 586 nulla
409 537 480 585 uota
497 529 630 585 differunt.

214 601 281 656 urs.
306 601 331 656 i.
378 599 518 674 capitula
547 618 608 654 cum
639 599 763 654 omnibus
793 599 894 654 llorum
922 601 1064 670 partibus,
1095 597 1254 656 affinitatem
1280 619 1360 670 qrram

134 673 285 756 marimum
305 671 491 726 demonstrant
509 669 543 724 ad
562 671 712 726 sectionem
731 669 969 743 Pctoicleptdem
988 669 1104 738 Cossini,
1127 668 1360 742 Ocotbomntge·

132 757 221 796 ncrrs.

371 983 375 992 ,
445 896 528 970 Ser.
557 901 593 970 2.
621 896 944 970 Gnnrsonnrrnaa
971 893 1053 969 DC.

492 1050 521 1144 ξ.
549 1053 583 1122 2.
611 1047 900 1122 Xenocnnraua
927 1045 1007 1121 DC.

554 1217 577 1262 *
598 1223 802 1292 Involuoric
824 1222 941 1310 [lavis.

134 1357 168 1422 3.
218 1355 565 1444 neliolrrysnm
573 1355 875 1433 bracteatum
893 1355 992 1418 thd.
1002 1353 1203 1418 herbaceum
1215 1361 1362 1417 ereetum

223 1461 388 1507 ramosum
410 1443 499 1524 pube
521 1441 653 1505 minima
674 1439 956 1516 scabriusculum,
989 1437 1079 1505 soliis
1100 1436 1299 1502 lanceolatis
1321 1436 1360 1500 li-

224 1527 423 1591 nearibusve
446 1525 603 1610 repandis
627 1527 831 1604 acuminatis,
855 1523 1009 1609 capitulis
1030 1543 1145 1588 ramos
1159 1521 1359 1588 terminanti-

224 1613 287 1675 bus
313 1611 460 1676 bracteis
486 1609 640 1676 foliaoeis
669 1610 736 1673 1-3
761 1611 896 1694 saepius
925 1609 1055 1694 slipatis
1083 1618 1140 1671 aut
1168 1607 1280 1684 nudis,
1312 1607 1390 1670 in-'

223 1694 351 1760 volucri
380 1695 527 1779 squamis
556 1693 764 1778 glaberrimis
791 1695 1016 1774 radiantibus,
1050 1692 1180 1759 extimis
1208 1689 1359 1758 subruis·

223 1779 392 1843 scentibus
406 1781 513 1844 oratis
528 1777 748 1844 obtusissimis
759 1781 929 1858 brevibuS,
946 1778 1064 1844 mediis
1078 1775 1276 1842 lanceolatis
1288 1776 1360 1840 lon·

225 1863 382 1948 gissimis2
393 1863 513 1928 intimis
525 1864 683 1929 brevibus
696 1865 899 1928 acuminatis.
914 1864 986 1928 Du.
998 1863 1020 1928 l.
1032 1885 1060 1930 c.
1071 1883 1148 1948 pag.
1163 1863 1232 1928 188.
1244 1882 1275 1927 n.
1288 1860 1359 1924 105.

206 1969 232 2016 ln
252 1967 480 2030 limoso-lapidosis
497 1968 631 2016 illustribus
648 1969 738 2016 montis
752 1971 846 2028 Brenn,
867 1971 998 2018 altitudine
1015 1968 1067 2018 846
1086 1969 1181 2032 pedum,
1201 1969 1225 2015 d.
1244 1967 1268 2018 4.
1289 1968 1359 2032 Sept.

138 2037 215 2088 1839.
251 2037 327 2088 Herb'.
346 2039 438 2086 Praise.
457 2039 505 2086 No.
523 2039 548 2090 4.
566 2040 611 2103 (ex
629 2035 723 2099 parte.)

207 2119 321 2189 „ilmba
342 2121 461 2176 annua“.
498 2121 656 2194 Specimina
678 2121 846 2194 paucissima
869 2123 921 2194 leg.
946 2123 981 2184 ol.
999 2125 1203 2194 peregrinator,
1230 2139 1303 2192 qrrae
1320 2122 1358 2176 in·

136 2207 222 2262 super
246 2191 329 2247 valde
352 2208 449 2246 manca
473 2192 508 2246 ad
533 2211 629 2248 manus
661 2199 769 2246 nostrus
786 2201 926 2248 venerunt.
974 2191 1115 2248 Pertinent
1138 2193 1174 2247 ad
1197 2194 1358 2247 veneratam

53 2331 63 2344 ι
136 2263 166 2329 n)
186 2259 400 2332 cirprantbom
417 2261 478 2317 Dc.
496 2262 514 2318 l.
534 2282 557 2318 c.
575 2263 719 2318 involucro
738 2279 885 2335 pappoque
904 2263 1008 2331 mucia,
1027 2261 1099 2318 soliis
1116 2262 1288 2319 lanceolatis.
1348 2303 1355 2312 .

542 2433 596 2480 *⁴*
618 2441 821 2509 Involucris
848 2441 947 2510 olbis.

135 2569 164 2632 d.
218 2569 566 2658 Helicirrysum
585 2572 925 2641 macrnnthum
940 2572 1054 2634 Bentlr.
1074 2569 1171 2636 caule
1187 2570 1356 2636 herbaceo

221 2653 445 2720 adscendente
473 2654 530 2721 vel
558 2665 672 2722 erecto
701 2655 906 2740 subsimplici
931 2656 1054 2721 scabro
1080 2655 1178 2738 apice
1199 2675 1355 2720 monoce-

218 2737 339 2821 phalo,
361 2736 452 2803 loliis
474 2739 843 2824 oblongo-lanceolatis
864 2740 920 2806 vel
940 2739 1057 2804 infimis
1080 2739 1278 2824 spathulatis
1296 2741 1355 2805 ob·

221 2822 303 2887 tusis
331 2823 552 2906 integerrimis
581 2826 656 2892 basi
681 2827 713 2889 in
738 2824 895 2910 petiolum
927 2825 1111 2926 ungrrstntis
1139 2834 1172 2889 et
1199 2823 1356 2908 amplexi·

220 2905 480 2972 cauli-dilatatis
507 2909 659 2996 utrinque
688 2909 848 2976 viridibus
876 2911 1028 2989 scabris,
1061 2908 1206 3010 capitulo
1234 2927 1355 2993 magno

218 2991 317 3057 niveo
333 3003 429 3058 extus
444 2996 619 3073 subrose0‚
642 2996 789 3080 squamis
804 2994 966 3062 involucri
977 2995 1185 3061 interioribus
1200 2994 1355 3059 radianti·

218 3077 282 3142 bns
295 3075 362 3142 late
375 3079 484 3143 ovalis
499 3081 627 3160 obtusis
641 3081 886 3160 mucronulctis‚
901 3079 1114 3166 receptaculo
1129 3081 1229 3159 nudo,
1243 3100 1355 3163 pappo

218 3162 352 3228 scabro.
394 3161 511 3230 Benth.
538 3166 572 3229 in
594 3165 689 3230 Endl.
711 3167 825 3234 Enum.
848 3166 894 3250 pl.
917 3165 1038 3251 Hrigel.
1057 3185 1136 3251 pag.
1157 3165 1208 3231 65.
1231 3185 1261 3230 n.
1284 3165 1355 3228 ult.

217 3245 288 3312 Dc.
312 3247 334 3312 l.
357 3269 386 3317 c.
407 3269 485 3336 pag.
510 3249 579 3316 189.
601 3271 632 3315 n.
656 3252 725 3320 107.
769 3251 912 3337 Lindlcy
934 3251 1006 3318 Bor.
1028 3251 1112 3337 Reg.
1136 3249 1211 3316 Vol.
1233 3249 1354 3314 XXIV.

218 3333 333 3418 (1838)
354 3337 422 3402 tab.
446 3335 496 3402 58.
520 3335 689 3424 (optimel)

201 3437 228 3484 ln
252 3439 375 3489 montibus
397 3439 635 3504 Darling'r-rangc‚
663 3456 744 3491 mense
767 3445 829 3504 Aug.
849 3446 875 3490 ot
892 3443 962 3505 Sept.
983 3441 1060 3488 1841.
1096 3439 1173 3486 llorb.
1192 3440 1282 3487 Preiss.
1300 3442 1354 3488 sine

137 3505 179 3553 No.
214 3507 295 3570 Prope
313 3509 452 3572 oppidulum
470 3511 633 3568 Frcemantte,
651 3509 745 3573 illiget!
764 3515 789 3559 et
809 3513 833 3558 in
851 3511 905 3560 sinu
924 3511 990 3571 regis
1009 3509 1113 3569 Georgii
1130 3509 1172 3558 lll.
1191 3508 1258 3558 uos!
1279 3510 1318 3570 (v.
1332 3527 1353 3558 s.

137 3575 158 3621 in
175 3575 244 3622 berb.
261 3577 342 3626 nulico
359 3577 533 3642 llindobonnl)

201 3651 266 3706 Duo
289 3663 394 3708 tantum
417 3655 587 3726 exemplaria
609 3655 667 3709 sine
684 3653 741 3708 No.
766 3663 877 3710 exstant
895 3655 920 3708 in
940 3655 1068 3711 herbario
1086 3653 1260 3724 Preissiuno‚
1287 3673 1354 3726 qno-

137 3738 192 3775 rum
214 3720 330 3778 altcrnm
353 3725 387 3779 cl.
406 3740 473 3794 pere
492 3725 596 3778 rinutor
614 3741 719 3778 mecum
736 3723 871 3778 benevole
892 3725 1110 3780 communicavit.
1146 3723 1277 3780 Marcum
1297 3728 1354 3796 qui·

138 3791 194 3846 dem
213 3799 268 3860 est,
286 3802 313 3846 el
329 3793 435 3862 radice,
451 3742 523 3846 indiis
540 3791 707 3847 rcdicalibus
725 3793 895 3862 floribusque
913 3795 1016 3864 apertis
1034 3803 1118 3850 caret.
1145 3794 1291 3850 Caeterum
1310 3813 1355 3850 cn·

138 3860 219 3932 pilula
237 3861 306 3917 bene
326 3862 438 3918 evoluto
460 3870 535 3930 sunt,
563 3879 598 3917 ex
622 3863 720 3930 quibus
746 3863 840 3932 planta
864 3861 992 3918 iacilllme
1017 3865 1182 3935 agnoscitur.
1220 3864 1355 3920 Convenit

137 3931 242 3986 omnino
266 3949 327 3986 curn
349 3932 429 3988 icone
446 3933 531 3986 citata
548 3940 576 3988 at
594 3949 655 3986 curn
673 3933 865 4003 speciminibus
885 3933 1020 4001 Rationis,
1044 3949 1114 4004 quaa
1133 3935 1168 3989 ab
1187 3933 1354 4004 lingonenis,

138 4002 282 4058 remissime
300 3999 431 4072 specifice
448 4019 503 4057 non
522 4003 652 4070 diversis,
680 4001 825 4058 recedunt:
854 4003 933 4058 cattle
951 4005 1030 4075 apice
1048 4019 1133 4076 parce
1150 4019 1276 4070 ramoso,
1304 4021 1354 4058 nec

137 4071 263 4144 simplici,
286 4071 502 4146 monoceplralo,
526 4082 553 4128 et
576 4071 711 4127 involucri
729 4073 849 4144 squamis
868 4074 1050 4130 exterioribus
1069 4075 1155 4146 magis
1178 4074 1282 4141 roseis,
1306 4074 1353 4128 mi·

137 4159 236 4266 nfirsque
262 4143 376 4268 ollluusis.
413 4143 497 4199 Teste
521 4143 555 4198 cl.
578 4143 717 4214 Lindleyo
734 4143 752 4199 Ι.
771 4162 794 4198 c.
814 4144 892 4199 color
915 4159 1013 4200 roseus
1032 4159 1206 4215 squamarum
1224 4153 1289 4215 post
1307 4160 1353 4198 sn-

138 4213 218 4267 tasin
237 4231 274 4285 pa
296 4213 371 4268 escit.

138 4333 162 4395 5·
213 4333 561 4486 Helichrsvsum
587 4332 790 4436 nivellus
810 4335 959 4399 Graiam
982 4335 1063 4417 (non
1084 4333 1256 4436 messing.)
1278 4354 1353 4436 per·

216 4439 318 4498 enne,
373 4439 448 4486 aue
478 4429 590 4486 erecto
617 4418 822 4504 subsrmplrci
849 4421 972 4488 scabro
979 4465 990 4498 ,
1018 4417 1172 4504 caprulis
1204 4421 1354 4486 mammis
