3100 4860
952 126 958 152 i

622 155 1002 277 „430ss

276 395 343 452 ose.
381 393 422 450 Cl.
442 391 609 448 Candolleos
627 394 655 448 in
672 392 833 448 charactere
851 391 978 463 generice
996 388 1362 515 Pteropopontpppmoeo
1375 397 1429 452 sno

187 465 289 522 ¹liores
307 481 401 522 omnes
419 463 578 532 tubulosos,
604 463 682 518 binos
701 465 854 519 exteriores
873 462 1052 533 foemineos,
1081 463 1218 518 centrales
1235 470 1242 489 ⁸
1261 463 1295 516 -3
1311 468 1433 524 stertles

203 538 306 606 tribuit,
325 536 425 608 stylum
444 542 471 589 et
488 533 616 588 antheras
635 533 742 588 silentio
753 533 835 604 plane
847 531 1023 604 praeteriens.
1059 530 1175 587 Etiamsi
1186 533 1214 588 in
1225 545 1322 590 nostra
1333 537 1431 607 planta

204 608 290 664 ilores
309 607 461 661 exteriores
479 621 534 658 sem
557 621 587 658 er
605 602 846 675 hermaphroditos
864 601 1025 668 observavi,
1043 619 1099 656 non
1118 610 1208 658 tamen
1226 604 1338 674 dubito,
1362 608 1431 677 quin

203 679 239 734 sit
256 693 355 732 revera
373 690 510 744 congener
527 622 614 742 idios,
634 673 838 729 characteribus
858 674 976 728 caeteris
994 671 1119 727 omnibus
1136 676 1376 746 respondentibus.

204 887 528 1007 SCHOENIA
557 911 726 1002 Steetn.
772 863 1083 1001 Hnnrcnnssr
1111 941 1179 1029 sp.
1210 911 1432 1004 Gaudich.

203 1052 251 1140 in
279 1051 372 1140 bot.
404 1077 506 1165 voy.
535 1046 777 1163 Freycinet
804 1074 910 1162 pag.
940 1051 1041 1138 466.
1070 1048 1163 1136 tob.
1193 1053 1267 1140 Si·
1325 1048 1432 1137 Hs-

204 1211 405 1274 nmnnns
434 1212 502 1299 sp.
532 1180 634 1269 DC.
663 1179 814 1299 prodr.
844 1181 903 1267 Τ.
922 1187 975 1308 ti·
995 1210 1102 1298 pag·
1123 1188 1213 1274 ‘dlii
1235 1210 1279 1270 n.
1300 1187 1358 1274 23
1372 1170 1430 1304 *).

294 1361 474 1444 Capitulum
501 1353 711 1422 multiflorum
741 1353 1008 1441 heterogamum,
1031 1357 1171 1436 floridas
1203 1346 1354 1424 omnibus
1380 1367 1433 1424 tu-

205 1443 356 1522 bnlosis,
388 1441 507 1527 paucis
537 1441 571 1505 in
606 1441 729 1506 ambitu
760 1441 1037 1524 hermaphroditis
1066 1440 1252 1520 fertilibus,
1284 1445 1432 1508 caeteris

207 1527 410 1595 centralibus
443 1525 523 1612 styli
554 1528 673 1592 abortu
708 1525 866 1590 masculis
901 1526 1079 1593 sterilibus.
1134 1528 1295 1591 Inootncri
1326 1526 1433 1613 cylin-

206 1614 290 1678 drici
312 1633 464 1696 squamae
485 1610 714 1695 pluriseriales
736 1612 910 1678 scariosae
932 1611 1086 1690 sessiles,
1108 1615 1285 1676 exteriores
1299 1613 1432 1679 brevio·

205 1719 264 1765 res
293 1696 627 1790 exappendiculatne‚
659 1699 828 1760 interiores
855 1697 953 1782 apice
984 1695 1206 1781 appendicula
1239 1696 1432 1782 petaloidea

206 1783 358 1850 radiante
401 1791 529 1850 auctae.
588 1784 837 1866 Receptncniom
878 1779 1096 1866 epaleaceum
1136 1781 1442 1848 convexiusculum'

61 1869 64 1876 '
120 1930 126 1945 ,
208 1866 418 1935 alveolatum.
482 1869 626 1931 Coronae
664 1866 811 1954 graciles
842 1867 1056 1934 5·dentatae
1093 1867 1169 1932 basi
1210 1868 1430 1936 incrassatae.

208 1957 374 2017 Aetherea
402 1951 478 2019 basi
502 1953 698 2018 brevissime
726 1951 901 2030 enodatae.
948 1951 1060 2034 Stylas
1086 1952 1120 2016 io
1138 1955 1276 2031 floribus
1305 1955 1432 2018 herma-

202 2042 363 2124 phrodisia
396 2037 516 2106 bifidus
549 2038 623 2104 basi
655 2036 833 2113 bulbosos,
865 2039 963 2100 comis
991 2033 1209 2121 plahinsculis
1243 2037 1341 2122 apice
1373 2059 1432 2104 ca·

206 2123 381 2210 pitellatis,
412 2124 446 2187 in
464 2120 602 2202 floridas
629 2126 781 2186 mosculis
802 2119 1067 2204 simplicissimus
1094 2123 1190 2206 apice
1211 2123 1432 2190 incrassatus.

209 2213 377 2274 Achaenic
389 2211 519 2290 sestilio
540 2210 686 2274 obovata
708 2206 851 2273 erostria
872 2207 945 2270 bosi
966 2218 1134 2273 attenuata
1156 2210 1259 2275 dense
1288 2210 1434 2284 sericea,

209 2299 332 2358 sterilia
352 2292 519 2358 filiformia
539 2291 738 2357 nudiuscula
765 2291 841 2357 basi
860 2291 981 2374 pilosa.
1035 2295 1166 2377 Poppae
1188 2294 1331 2360 omnium
1351 2315 1433 2360 con·

208 2379 324 2446 sonnis
346 2377 536 2444 uniserialis
559 2388 709 2454 setosus,
732 2381 812 2440 setis
833 2378 972 2442 serratis
991 2377 1049 2443 vel
1071 2377 1305 2462 subplumosis.

279 2481 390 2537 Herbae
408 2498 530 2550 annuae,
550 2481 629 2553 apice
648 2480 853 2552 corymbosae,
871 2480 944 2535 soliis
961 2482 1074 2554 integris
1111 2479 1236 2538 Helichr
1256 2487 1284 2536 st
1299 2479 1378 2536 facie.
1396 2510 1434 2520 -

208 2553 308 2610 Nuncu
331 2553 376 2607 avi
394 2570 480 2626 genus
499 2553 525 2605 in
550 2551 682 2606 bonorem
705 2551 783 2606 amici
802 2551 969 2607 dilectissimi
986 2551 1055 2607 lob.
1074 2525 1185 2608 March.
1205 2500 1286 2608 aibr.
1306 2549 1433 2614 Schoen,

209 2622 280 2690 med.
319 2631 373 2678 oct.
396 2622 580 2688 celeberrimi,
604 2619 662 2690 jam
686 2620 891 2694 ophthalmiatri
935 2623 1083 2693 mitissimi,
1111 2621 1339 2696 hamburgensis,
1367 2621 1431 2675 olim

209 2695 391 2750 delineatione
407 2693 516 2746 iconum
532 2692 687 2763 plantarum
706 2692 740 2746 de
757 2691 894 2749 Botanice
911 2642 981 2749 bene
998 2693 1095 2748 meriti.
1240 2713 1242 2716 ·

281 2763 502 2838 Pteropoqont,
521 2761 613 2832 generi
631 2760 835 2834 Candolleano‚
852 2775 975 2820 nostrum
993 2765 1147 2836 proximum
1167 2773 1222 2832 est,
1240 2759 1331 2818 differt
1347 2777 1432 2818 vero:

210 2834 344 2889 involucri
363 2835 482 2904 sqrramis
500 2831 674 2887 interioribus
693 2836 911 2908 appendiculatis
930 2835 1112 2906 radiantibus,
1132 2834 1260 2906 capitulis
1277 2831 1433 2889 multliloris

210 2914 238 2962 et
255 2904 371 2959 floribus
389 2903 554 2960 neutralibus
572 2919 672 2960 revera
689 2906 826 2964 mosculis.

211 3026 241 3090 l.
294 3021 634 3173 &qima-912
666 3020 898 3122 (hemiolia
937 3020 1055 3123 Sieets.
1086 3021 1276 3120 herbacea,
1308 3027 1434 3120 erecta,

293 3097 388 3208 sord,
408 3117 652 3176 neoto-canesc
715 3153 726 3190 ,
747 3105 838 3174 folus
859 3115 1023 3188 oppositis
1043 3102 1220 3169 sessdrbus
1234 3102 1435 3168 lanceolatss

281 3338 300 3391 ')
319 3333 410 3391 omnia,
429 3347 490 3392 quae
509 3349 581 3395 supra
597 3337 622 3380 in
641 3329 788 3376 annotatione
807 3327 837 3369 nd
857 3325 991 3380 Helichrpsi
1008 3337 1081 3380 genus
1101 3323 1186 3376 monui,
1204 3320 1284 3364 valent
1302 3319 1385 3366 eadem
1404 3325 1436 3370 de

211 3407 341 3466 Hcis'ptero.
377 3406 455 3452 Etiam
478 3405 522 3452 boc
545 3417 618 3464 genu
641 3399 710 3444 valde
731 3393 903 3453 polymorphota
926 3393 951 3436 ln
973 3395 1063 3450 aliquot
1086 3405 1173 3449 goners
1196 3389 1343 3436 ditidondum
1367 3405 1434 3450 csse,

209 3489 307 3536 prorsas
324 3475 437 3522 existimo.
475 3479 606 3522 Occurrunt
623 3469 683 3514 enim
700 3466 724 3508 ln
743 3463 797 3506 eliis
816 3461 951 3520 speciebus,
971 3467 1005 3517 (ut
1022 3464 1051 3508 de
1073 3462 1174 3506 caeteris
1191 3462 1257 3507 lloris
1275 3463 1380 3520 pertibus
1398 3469 1431 3509 ta·

211 3549 300 3604 cesrn‚)
320 3559 342 3592 e.
360 3560 383 3604 g.
403 3545 518 3591 schaenis
536 3535 709 3600 quadrangula,
723 3533 748 3576 in
766 3531 819 3576 eliis
837 3535 931 3589 teretia,
950 3533 1053 3590 gaudent
1069 3533 1183 3590 plurimae
1202 3533 1294 3591 species
1312 3532 1433 3579 scbscniis

212 3618 355 3674 cressione,
373 3618 521 3661 inveniuntur
537 3623 593 3654 vero
610 3603 735 3650 nonnullae
753 3601 872 3650 schaeniis
890 3606 1013 3661 rostratis,
1030 3617 1053 3650 v.
1072 3617 1093 3650 c.
1113 3605 1260 3661 Helipternm
1278 3605 1390 3648 incanum
1408 3611 1433 3649 ct

213 3689 244 3733 H.
262 3687 368 3731 allisam
385 3691 430 3731 etc.
457 3687 542 3728 ornnes
553 3688 608 3722 vero
627 3673 656 3719 cl.
675 3673 816 3720 Gendollens
834 3677 858 3720 ln
875 3685 920 3719 nuo
938 3688 1025 3732 genere
1042 3675 1197 3732 amplectitur,
1215 3689 1261 3719 non
1280 3676 1328 3719 alin
1346 3687 1433 3718 caussa

213 3758 343 3812 adductos,
366 3757 412 3800 niel
430 3753 490 3810 qnod
507 3759 580 3805 pappo
603 3745 709 3801 plumoso
731 3747 860 3792 instructae
884 3747 950 3792 sunt!
977 3747 1062 3791 Divisit
1079 3745 1171 3803 quidem
1194 3747 1218 3790 in
1242 3747 1359 3791 sectiones
1384 3757 1432 3800 ser,
1453 3765 1457 3776 ·

213 3839 310 3884 quornm
327 3827 418 3883 priores
437 3822 550 3877 quinque,
570 3815 661 3872 species
679 3816 785 3864 interne
803 3829 872 3873 qnam
889 3817 985 3861 merisne
1004 3817 1088 3862 affines
1107 3815 1317 3874 comprehendunt,
1341 3814 1370 3858 de
1387 3827 1432 3870 quo

211 3899 269 3944 linet
291 3895 377 3953 aliquis
400 3903 452 3936 conr
474 3889 504 3932 oi.
529 3889 624 3930 enotare
646 3887 777 3932 consentire
799 3887 871 3942 velit,
899 3899 965 3931 nemo
989 3889 1072 3932 ssltenr
1090 3887 1149 3942 erit,
1176 3888 1228 3944 qni,
1257 3899 1308 3931 enm
1326 3885 1350 3930 in
1368 3887 1433 3928 scats

212 3968 318 4012 sectione
335 3963 481 4017 Hetipterrsn
502 3957 664 4002 Cossininnunr
678 3959 744 4013 Jnrts
761 3959 793 4003 Η.
817 3959 984 4002 anthemoldem
1008 3958 1152 4012 collocasse,
1179 3958 1300 4001 concedat.
1336 3955 1432 4012 Species

213 4040 275 4084 eninr
292 4037 338 4080 hns
356 4031 416 4075 dune
434 4040 479 4072 non
498 4028 572 4072 solum
588 4025 669 4072 habitu
687 4027 844 4073 diversissimo
861 4029 909 4083 Jsm
926 4027 1001 4084 prima
1018 4029 1079 4072 secie
1096 4027 1157 4071 inter
1180 4041 1206 4071 se
1230 4028 1366 4082 divergont,
1390 4023 1431 4066 sed

212 4111 284 4154 etism
305 4101 418 4158 dignitate
442 4111 580 4159 organorum
599 4112 613 4143 ι
629 4105 714 4144 astura
730 4099 783 4156 ipss
805 4103 968 4156 segregantnr.
1002 4099 1069 4142 llaec
1087 4099 1181 4141 seilicet
1198 4097 1306 4153 capitulis
1324 4095 1431 4148 homoge-

213 4179 272 4232 mis,
291 4173 335 4217 illa
353 4181 409 4214 vero
425 4169 583 4231 beterogsmis
600 4171 681 4214 utitur.
717 4169 909 4226 Distinguendum
927 4172 965 4212 est
981 4169 1042 4212 inter
1060 4169 1144 4226 hores,
1163 4179 1220 4211 casn
1238 4165 1349 4222 qnodsrn,
1368 4177 1390 4206 e.
1409 4177 1424 4220 g

213 4243 362 4304 vegetatione
378 4241 520 4302 interrupte,
539 4242 697 4296 abortientes,
714 4244 748 4294 (ut
765 4239 880 4284 interdurn
898 4239 982 4283 accidit
1000 4239 1023 4283 ln
1042 4239 1161 4296 Heliptrro
1179 4237 1341 4291 nssthemoidep
1359 4239 1383 4278 et
1400 4233 1432 4276 in-

213 4319 254 4360 tss
267 4313 353 4368 flores,
377 4315 430 4372 legs
448 4316 562 4371 naturali,
586 4315 601 4359 i.
620 4325 642 4356 c.
661 4311 770 4368 stigmate
788 4310 894 4364 delectu,
920 4309 1029 4362 steriles,
1054 4307 1093 4364 qui
1110 4307 1180 4351 tloros
1198 4307 1296 4350 masenii
1313 4307 1433 4356 vocentur,

214 4385 238 4428 a
255 4383 339 4440 quie·
357 4384 381 4429 in
400 4387 452 4433 liei.
473 4387 608 4432 Caniniano
626 4382 781 4439 reperiantur.
817 4381 885 4424 linc
902 4380 1005 4436 plantam
1023 4377 1095 4432 igitur
1111 4378 1134 4422 irs
1152 4381 1338 4432 nosnnnrgenus
1351 4385 1433 4418 nornis

214 4453 343 4502 trusmisi.
361 4455 397 4502 ci.
416 4458 446 4504 cl.
463 4458 572 4514 Lessing.
591 4465 684 4511 synops.
703 4452 811 4509 Oonpos.
829 4461 884 4508 pag.
900 4449 947 4494 sti.
966 4459 1031 4503 seqq.
