3110 4856
48 152 57 404 l

51 539 53 560 Ἡ
97 507 101 515 .
125 507 128 512 Δ
189 453 344 524 Diversis
364 447 1072 538 temporimscpmpluresinvestigatcross
1087 447 1328 516 recentioribus

51 579 52 583 ¹
88 591 263 677 imprimis
274 587 557 676 diligentissimum
568 583 817 668 numquit
830 583 979 661 Scotum,
999 583 1179 650 indidem
1189 581 1261 655 fam
1274 595 1328 653 'rav

89 725 260 812 gionilm
273 720 552 800 Australasiac'n,
563 721 607 786 ad
623 737 707 806 quas
730 716 1248 802 Clarissimusllreissappulsua
1263 729 1328 799 est,

45 847 48 964 l
90 861 195 926 haud
216 879 344 942 paucas
364 855 499 942 plantas
518 853 701 940 collegisse
724 854 805 922 viris
821 852 978 938 domnica
991 863 1066 920 arte
1087 853 1224 921 cruditis
1241 855 1328 922 sada

45 979 47 998 ¹
91 993 353 1079 estmagnltmna
395 991 538 1073 nomam
566 989 797 1057 Australasiae
824 987 1185 1054 austronoccidentalis
1203 985 1327 1056 'floram

91 1151 167 1197 uno
199 1133 384 1212 conspectu
410 1122 952 1212 comprehendendamproposuit
965 1122 1039 1192 ..Vir
1062 1120 1276 1192 Clarissimus
1294 1123 1326 1192 J.

94 1265 247 1350 Lindley
274 1264 307 1327 in
336 1259 621 1355 commentatione„
636 1280 680 1336 „a
705 1259 825 1326 skctch
854 1256 966 1340 citha
994 1257 1183 1343 vegetation
1203 1257 1251 1326 of,
1270 1258 1326 1328 tlte

96 1397 339 1466 Swan-River
368 1392 538 1479 Colony“,
567 1395 608 1459 de
630 1393 753 1478 plantis
775 1391 1062 1458 Drummondianis
1083 1391 1146 1458 Vir
1167 1390 1326 1460 Celeber-

96 1533 205 1598 rimns
234 1543 267 1597 et
293 1499 602 1598 lixcellentissimus
628 1503 671 1594 G.
696 1515 727 1594 J.
743 1505 891 1600 'licinkel
916 1507 1182 1612 ingentoitsstme
1200 1507 1327 1612 'pissim

97 1667 268 1733 disseruit.
299 1664 423 1730 Harum
435 1663 622 1749 plantarum
630 1664 702 1750 jam
719 1674 818 1729 antea
838 1674 1071 1746 congestarum
1083 1683 1239 1730 numeros
1255 1665 1326 1731 ubi·

97 1821 242 1886 eumque
264 1800 402 1864 indicari
416 1807 602 1883 potuerunt,
623 1797 771 1862 indicare
792 1817 859 1862 non
880 1796 1175 1880 praetermisimus3
1198 1799 1327 1865 etiarnsi

97 1953 212 2018 neque
233 1933 545 1998 Drummondianarn
568 1950 674 2014 neque
701 1927 849 2014 reliquas
880 1929 1100 1997 collectiones
1133 1953 1250 1999 omnes
1277 1934 1325 1998 in·

99 2063 509 2152 spicae-amomum

187 2199 452 2268 Accuratissima
478 2220 561 2265 vero
588 2195 760 2284 diligentia
785 2195 954 2266 collocata
981 2209 1032 2265 est
1059 2199 1092 2262 in
1113 2197 1323 2282 proferendis

64 2425 68 2434 Ι
100 2335 256 2414 numeris,
279 2335 397 2420 quibus
410 2355 472 2400 eae
487 2331 621 2418 plantae
638 2331 861 2410 Preissianae‚
883 2355 1020 2420 quarum
1036 2332 1134 2418 plura
1154 2335 1322 2419 exempla-

101 2471 152 2534 ria
175 2470 363 2548 exstabant,
385 2470 477 2554 prius
500 2489 598 2555 quem
621 2468 796 2535 distributa
817 2479 869 2535 est
881 2466 1047 2548 collectio,
1069 2470 1212 2556 ideoque
1221 2468 1323 2560 longe
1400 2477 1401 2480 ’

102 2604 203 2687 prius,
225 2624 322 2689 quarn
339 2603 394 2668 hic
411 2603 497 2670 liber
519 2605 625 2668 editus
648 2614 711 2680 est,
732 2603 907 2686 insignitae
924 2614 1010 2667 sunt.
1042 2605 1247 2690 Quicumque
1263 2606 1323 2690 igi-

102 2748 153 2802 tur
180 2737 310 2820 plantas
340 2757 362 2801 a
388 2735 525 2802 Cleriss
552 2735 699 2801 Preissio
728 2733 891 2800 collectas
924 2747 1141 2858 acceperunt,
1175 2740 1206 2803 in
1235 2739 1321 2805 libro

102 2877 216 2934 nostro
236 2879 269 2935 et
287 2867 419 2933 nomina
440 2878 475 2933 et
495 2866 733 2934 illustrationes
755 2889 886 2948 earum,
909 2882 1068 2955 quatenus
1090 2883 1206 2938 namra
1227 2872 1320 2958 plan-

104 3017 206 3070 tarum
223 3004 256 3069 id
275 3002 372 3081 feret,
394 3003 571 3068 invenient.
604 3000 786 3068 Praeterea
803 3005 1067 3086 observationes,
1086 3029 1170 3094 quas
1183 3006 1321 3074 clariss.

105 3139 213 3206 Preiss
235 3141 319 3204 inter
341 3137 565 3223 colligendum
587 3137 660 3221 ipse
690 3139 732 3205 de
759 3117 906 3223 stirpium
934 3141 1173 3227 magnitudine,
1200 3141 1320 3209 florum

104 3273 229 3355 colore,
257 3273 399 3360 aliisque
421 3273 521 3340 rebus
544 3273 630 3338 scitu
652 3273 759 3357 dignis
780 3273 837 3340 vel
858 3275 945 3341 adeo
967 3275 1084 3342 futuris
1106 3277 1318 3363 investigato·

104 3407 188 3474 ribus
211 3411 344 3476 utilibus
367 3407 463 3488 facit,
486 3408 591 3493 signis
613 3451 636 3487 „
702 3413 724 3449 “
746 3407 895 3475 inclusas
917 3410 1111 3477 addidimus.

188 3541 339 3630 Denique
376 3545 573 3611 monendum
607 3553 680 3620 est,
711 3542 887 3610 nonnullos
923 3567 1002 3612 esse
1032 3544 1189 3629 plantas,
1222 3567 1319 3633 quae,

106 3697 195 3760 quum
228 3679 433 3763 exemplaria
466 3697 577 3757 aarum
611 3696 694 3742 casu
721 3677 754 3742 in
783 3677 923 3746 aliarum
1026 3679 1152 3745 'iarum
1187 3680 1319 3750 loculos

97 3809 305 3891 irrepserint,
338 3832 403 3879 non
432 3812 475 3878 ab
503 3813 561 3891 iis,
598 3811 653 3897 qui
681 3809 842 3889 familias,
878 3812 921 3876 ad
949 3831 1033 3898 quas
1062 3815 1244 3898 pertinent,
1279 3815 1318 3881 il·

103 3942 332 4022 lustravenmt,
360 3948 421 4013 sed
443 3948 486 4014 ab
508 3948 568 4026 iis,
602 3948 644 4012 ad
668 3967 752 4032 quos
774 3955 897 4014 temere
919 3959 1082 4015 venerunt
1103 3949 1318 4034 exemplaria,
1354 3975 1361 3983 ·

105 4075 281 4158 descriptae
304 4077 378 4142 sint.
422 4078 481 4145 Sic
503 4083 694 4146 Laurencia
715 4091 885 4166 squamata
904 4085 995 4170 (pag.
1014 4085 1092 4168 ill)
1106 4086 1150 4150 ab
1162 4084 1318 4152 lllustris·

105 4211 178 4276 sino
198 4210 289 4278 Nees
311 4212 354 4278 ab
377 4211 555 4279 Esenbeck
575 4218 792 4318 determinata
814 4231 876 4296 est,
899 4240 964 4284 non
985 4239 1069 4286 vero
1087 4239 1109 4284 a
1122 4217 1317 4290 Clarissimo

106 4343 217 4432 llliqnel
243 4345 319 4428 Dn,
354 4347 408 4433 qui
439 4367 538 4433 quum
570 4349 717 4436 reliquas
747 4372 862 4417 omnes
892 4353 1077 4445 Malccoeaa
1106 4353 1316 4425 collectionis

106 4479 300 4550 Preissianae
322 4485 550 4560 adumbraret,
574 4482 660 4550 hanc
681 4485 714 4549 in
737 4485 888 4552 manibus
908 4506 974 4554 non
996 4477 1119 4557 habuit.
