3100 4860
553 197 939 271 —445—

137 382 289 440 Praeterea
312 381 385 456 stylo
405 381 579 454 antberisque
606 382 866 459 Gaapbaltearom
888 365 1022 440 instructa
1046 381 1106 454 e'st‘,
1132 394 1160 440 et
1183 385 1358 458 receptaculo
1454 369 1457 378 ¹

136 455 270 526 paleaceo
292 453 643 510 emansorem-1100
661 455 768 509 unicum
786 453 905 509 fortasse
923 455 1074 510 sententiae
1091 472 1169 511 meae
1188 455 1270 527 objici
1293 474 1358 529 pos·

135 534 192 594 set,
211 525 286 594 quod
306 541 452 595 squamae,
471 541 539 594 quas
554 525 663 648 {alcas
678 523 788 593 vocavi,
806 540 905 579 revera
922 542 977 580 non
994 525 1047 580 sint
1066 525 1180 596 paleae,
1198 526 1248 580 sed
1266 527 1358 598 potius

135 595 279 650 involucra
297 595 434 665 asartialia,
452 610 534 648 ntoao
574 594 640 665 ylla,
659 594 771 665 capituli
789 593 909 662 ualtlori,
927 595 993 664 quia
1010 594 1143 649 aclraenia
1160 612 1216 650 noa
1233 612 1296 650 rece
1318 605 1358 650 ta·

136 665 208 733 culo,
226 665 277 720 sed
295 665 426 720 exteriori
446 673 522 734 parte
535 613 653 719 basilaei
669 665 813 719 induratae
830 663 927 718 harum
939 679 1114 734 squamarum
1127 665 1252 720 insident.
1306 684 1380 740 trac,

136 734 244 804 quidem
257 736 283 789 in
300 734 559 806 Acytantltcaram
578 735 747 803 divisionem,
766 745 793 788 et
809 733 929 789 fortasse
941 733 1026 818 juxta
1042 733 1280 807 Hyatoteptaaa
1300 737 1357 808 (Se-

135 821 186 858 nus
205 803 269 858 mibi
288 805 420 875 ignotum)
438 803 583 860 reserenda
602 815 688 874 essct,
710 807 735 859 si
752 821 882 874 squama,
906 820 984 875 cujus
1009 805 1093 859 (lorso
1114 803 1168 858 llos
1186 805 1358 861 solummodo

136 875 288 998 accumbit,
313 883 340 929 et
358 891 437 946 quem
456 891 510 930 non
527 875 658 945 involvit,
682 876 854 931 involucrum
874 875 927 929 clici
945 883 1051 946 potest,
1077 873 1151 944 quod
1170 875 1294 946 equidem
1311 893 1356 930 ne·

135 961 202 1017 gare
220 963 264 998 ma
275 961 319 1001 tm.

136 1048 167 1113 1.
218 1049 673 1135 (ihthonoccnlralus
693 1049 983 1122 Psendcvax
1007 1048 1127 1116 Scaea.

204 1155 232 1204 lu
250 1157 302 1204 solo
320 1156 406 1204 limoso
430 1168 535 1202 arenoso
558 1156 590 1204 ad
613 1155 712 1206 flua-tun
736 1158 805 1206 Aaou
828 1155 893 1206 lauti
917 1155 1001 1220 procul
1018 1154 1054 1222 ¹ab
1084 1154 1199 1218 oppidulo
1223 1155 1305 1214 Yorlt,
1332 1153 1356 1208 d„

136 1226 178 1276 lb.
197 1227 265 1289 Sept.
287 1226 363 1274 1839.
399 1225 475 1272 Herb.
493 1225 585 1276 Prcias.
604 1226 653 1274 No.
670 1226 773 1278 satta.
1250 1245 1275 1288 0

204 1308 327 1364 Herbula
345 1317 404 1362 tota
421 1307 478 1359 2-4
495 1308 540 1363 lin.
560 1309 644 1380 longa
662 1317 689 1362 et
705 1310 777 1380 lata,
795 1309 919 1365 nonnisi
939 1306 1029 1376 t¹s,·3
1046 1309 1093 1366 lia.
1112 1309 1176 1366 alta.
1216 1307 1357 1383 Capitale

133 1380 162 1434 in
179 1381 284 1436 radice
302 1379 384 1448 erili,
401 1375 532 1448 fililormi,
549 1379 619 1434 inter
636 1376 704 1434 lolia
720 1381 835 1435 sessilis.
871 1379 1008 1434 interdum
1027 1397 1060 1434 ca
1082 1380 1177 1435 italum
1194 1379 1356 1447 solitarium,

132 1451 268 1506 interdum
285 1448 342 1501 2-6
360 1458 510 1521 aggregata
535 1450 634 1521 foliis,
652 1450 825 1506 involucrum
843 1449 971 1522 generale
993 1399 1181 1506 simufaabbus
1205 1451 1355 1521 cinguntur.

135 1519 224 1577 Folia
244 1521 328 1592 igitur
352 1521 443 1574 omnia
469 1491 619 1589 ratiicalia,
646 1521 786 1590 rosulata,
816 1519 873 1572 4-6
896 1521 1037 1577 exteriora
1061 1521 1356 1589 cinereo-tomentosa,

134 1591 258 1660 sessilis,
291 1591 427 1661 oblonga,
454 1589 642 1657 acutiuscula,
669 1590 861 1663 integerrima,
888 1591 1056 1660 totidemque
1084 1593 1216 1646 interiora
1239 1591 1293 1644 illis
1316 1591 1356 1644 al·

135 1661 279 1727 ternomio,
298 1659 420 1714 nonnisi
438 1661 517 1730 apice
534 1659 654 1714 loliacea
672 1668 699 1714 et
710 1669 873 1728 tomentosa,
892 1661 1001 1729 obtusa,
1020 1661 1150 1731 obovata,
1168 1661 1247 1716 basta
1258 1677 1356 1717 versus

135 1737 276 1784 attenuata
294 1738 321 1782 et
338 1730 476 1797 scariosa,
502 1729 621 1799 undiquc
638 1729 703 1783 lana
720 1731 785 1787 alba
801 1732 929 1786 intricata
946 1731 1105 1786 densissime
1124 1741 1223 1786 onusta
1242 1739 1268 1784 et
1286 1733 1357 1785 iuter

134 1815 166 1853 se
184 1797 369 1853 cohaerentia.
406 1797 559 1854 Iaaolucrt
574 1815 719 1870 squamae
736 1805 898 1856 extortores
915 1801 1040 1866 lineares,
1057 1802 1169 1868 uirides,
1188 1801 1291 1871 pariter
1306 1801 1356 1854 secl

134 1870 223 1923 minus
242 1869 326 1923 dense
344 1867 408 1921 lana
424 1869 552 1922 intricata
569 1869 683 1936 vestita,
712 1871 791 1940 apice
813 1871 914 1925 lamina
937 1879 1068 1941 angusta,
1096 1870 1222 1942 hyalino,
1250 1869 1355 1940 glabra,

134 1947 217 1992 acuta
233 1938 278 1993 vel
297 1938 466 2005 acuminata,
493 1939 591 1992 lineam
609 1939 656 1992 vix
676 1938 759 2010 longa
777 1949 883 1995 auctae.
921 1938 1075 2010 Squamae
1092 1945 1249 1996 tutatores
1268 1939 1355 2009 paleis

135 2008 273 2078 aequales.
321 2009 558 2081 Ilcccmtaculum
585 2009 727 2076 conicum,
749 2009 850 2082 palcis
879 2011 1032 2063 numerosis
1055 2009 1191 2080 hyalinis,
1222 2008 1357 2082 oblongis,

134 2080 214 2152 apice
232 2077 408 2133 acutiuscuiis
426 2077 471 2132 vel
495 2078 614 2145 obtusis,
641 2077 701 2131 basi
724 2086 866 2134 attenuata
886 2078 1085 2144 subtruncatls,
1111 2078 1244 2134 induratis
1268 2088 1295 2133 et
1318 2081 1355 2135 ibi

133 2148 346 2218 mlesceatibus,
365 2149 505 2219 dorsoque
522 2148 699 2203 subtilissime
717 2150 873 2219 excavatis,
900 2146 985 2215 l-lls,
1005 2149 1050 2204 lin.
1069 2149 1172 2220 longis,
1202 2150 1248 2216 ¹l2·
1260 2145 1289 2217 il,
1308 2151 1354 2206 lia.

133 2219 197 2275 latis
222 2221 305 2274 dense
323 2229 457 2275 onustum.
503 2219 638 2274 t'orollae
661 2235 755 2274 omnes
779 2219 1034 2292 hcrmaphroditae,
1085 2219 1152 2274 aleis
1176 2217 1270 2292 paullo
1293 2221 1354 2277 bre-

133 2291 240 2360 viores,
268 2291 449 2362 gracillimus,
477 2289 641 2359 tubulosae,
668 2289 734 2345 tubo
759 2291 906 2362 elongato,
935 2291 1014 2361 apice
1043 2239 1158 2345 daiatato
1184 2301 1210 2346 et
1233 2291 1354 2347 breviter

133 2359 284 2430 l-tleatato,
303 2362 523 2427 remotiusculae,
542 2361 691 2429 solitariae,
711 2361 796 2415 dorso
808 2361 949 2432 palearum
962 2361 1162 2430 accumbentes,
1182 2370 1208 2416 et
1221 2362 1304 2433 palea
1315 2363 1353 2416 in·

134 2433 268 2516 terposita
286 2442 456 2503 segregatae.
493 2430 644 2486 Aatberae
663 2433 799 2502 etatylas
818 2441 957 2502 utsupra.
993 2431 1148 2488 Acbacnia
1165 2440 1289 2487 matura
1307 2449 1353 2488 er·

135 2503 229 2555 tenori
252 2512 332 2573 parte
356 2502 483 2571 tantari,
511 2501 650 2570 indurata,
678 2502 852 2558 subtilissime
877 2511 1013 2557 excavata
1055 2502 1178 2556 alearum
1200 2503 1354 2570 insidentia,

135 2589 301 2642 compressa,
320 2572 501 2642 lenticularia,
519 2571 580 2626 basi
597 2579 747 2638 attenuata,
763 2589 818 2626 non
837 2573 996 2643 marginata,
1015 2520 1120 2695 Ἱεώττι,
1139 2571 1247 2626 omuino
1264 2573 1354 2641 calva,

20 2641 21 2646 ’
134 2642 261 2696 olivacea
277 2642 324 2697 vel
342 2643 478 2712 brunam,
496 2642 619 2711 minima,
643 2639 669 2716 ¹s,
689 2641 734 2696 lia.
755 2643 862 2697 circiter
880 2642 963 2712 longa
981 2629 1022 2696 et¹
1035 2650 1091 2696 ata.

453 2843 582 2914 Divisio
604 2846 636 2914 3.
657 2845 917 2914 Haarcanrsaan
938 2846 1036 2914 Less.

119 2980 547 3086 ‚PITHOCARPA
590 2983 740 3073 Lindi·
780 2983 827 3072 ia
878 2983 1015 3073 Swan
1028 3035 1047 3048 -
1062 2980 1199 3072 Rivcr
1246 2982 1352 3074 Bot.

131 3147 237 3236 pag.
268 3115 441 3208 XXIII.
499 3101 631 3206 Euat.
661 3147 762 3236 gen.
792 3147 836 3205 n.
865 3121 1014 3214 2ἶ211.
1066 3111 1226 3207 Meisn.
1251 3149 1352 3236 gen.
1439 3177 1443 3182 -

128 3283 233 3372 pag.
276 3259 377 3346 363.
447 3252 655 3372 Walpcrs
695 3252 881 3371 Repert.
922 3249 1027 3344 Bot.
1068 3263 1176 3372 syst.
1222 3255 1279 3343 Τ.
1308 3260 1352 3386 2.

621 3420 726 3506 pag·
754 3395 856 3482 ott.

132 3555 160 3620 l·
212 3553 517 3656 Pithocttrptt·
540 3572 595 3626 co
637 3640 644 3656 ·
702 3555 875 3655 bultten
905 3555 1012 3654 bineli.
1049 3553 1151 3653 ramis
1186 3553 1361 3639 elongatis

215 3659 313 3788 ‘liie
328 3636 1350 3807 t‘'ttlit{tamtiltitittttutilitatibus:

213 3744 305 3955 xbtrts
343 3745 566 3958 gppzndilclul?
604 3807 796 3957 petalgi7dea
837 3816 938 3872 ovata
974 3767 1197 3872 acutiuscula,
1221 3807 1351 3875 reflexa

214 3911 395 3958 aucis-
446 3912 479 3956 m
516 3939 524 3955 .
560 3913 672 3959 .c.n.
740 3945 746 3960 .

127 4071 146 4120 P
176 3997 556 4118 Ι1ιιἓνεηὲεγο-Ιεφίᾱοιίε,ῐιιιςὶ
580 3997 941 4060 montlumllarliug'suange,
961 3996 1245 4050 d.22.lliartii1839.
1272 3999 1349 4048 lieris.

147 4083 218 4118 reita.
262 4083 286 4119 o.
340 4100 348 4114 .

198 4153 304 4208 Rauca
343 4149 573 4222 erpenrlicularis,
591 4152 709 4222 palaris,
728 4153 890 4224 ligaesceus.
930 4151 1031 4210 Catella
1049 4161 1210 4221 erectusaa
1228 4153 1287 4208 basi
1306 4170 1349 4209 ra·

127 4242 230 4292 mosas,
251 4222 297 4292 ¹¹la
308 4170 482 4293 -b-petatts,
502 4239 562 4276 cum
580 4229 676 4279 ramis
694 4223 828 4294 elongatis
847 4223 993 4295 gracilibus
1006 4232 1088 4291 teres,
1105 4223 1203 4280 leviter
1217 4224 1349 4292 sulcatus,

126 4295 253 4368 lanugine
279 4293 483 4365 suboppressa,
510 4293 643 4364 decidua,
671 4295 744 4349 tenui
774 4295 896 4349 vestitus.
933 4294 1021 4350 Folia
1043 4311 1075 4349 su
1097 4311 1128 4348 ra
1154 4294 1349 4362 arachnoidea,

128 4367 224 4421 subtus
242 4366 326 4420 dense
345 4365 452 4432 lanata,
470 4364 623 4422 radicalia
641 4367 691 4420 sub
710 4365 816 4420 anthesi
835 4366 1046 4435 marcescentia,
1066 4313 1349 4433 libasti-tanceotaa,

130 4435 400 4509 arthmeticam,
421 4435 544 4492 cauliaca
561 4453 676 4508 sparsa,
701 4445 820 4504 remota,
846 4435 968 4506 alterna,
992 4437 1121 4507 linearia,
1149 4436 1206 4491 basi
1226 4438 1349 4493 semiam-

324 4614 347 4650 X
