3110 4850
560 219 945 290 *42⁸5*—

422 403 547 480 Sectio
574 404 626 478 ll.
655 404 836 480 Achaenia
861 427 1081 504 compressa.

139 559 170 624 3.
222 555 555 644 Bracnycoma
572 553 752 640 pusilla
774 554 890 622 steen,
908 554 1090 631 herbacea,
1113 549 1244 637 glabra,
1266 551 1363 618 caule

225 643 402 710 suberecta
438 639 580 724 simplici
613 640 688 707 bssi
714 659 819 724 parce
850 637 968 706 foliato
1000 637 1097 720 apice
1128 637 1218 704 nudo
1249 657 1362 702 mono-

213 725 382 810 cephalo,
403 723 494 790 foliis
515 723 718 807 radicalibus
739 722 908 800 rosulatis‚
931 721 1071 788 caulinis
1092 719 1239 797 altemis,
1262 721 1362 786 onmi-

225 812 289 875 bus
310 809 492 875 linearibus
514 809 733 894 integerrimis
749 809 806 874 vel
819 809 919 874 dente
939 829 1005 873 uno
1021 805 1170 870 alterove
1185 804 1364 881 instructis,

226 894 387 960 involucri
425 895 573 994 squamis
610 894 730 964 cratis,
753 891 989 960 obtusinsculis
1020 889 1170 974 margine
1202 887 1364 1038 apicerpnc

225 981 505 1057 membranacem,
528 977 641 1064 ligulis
663 977 841 1056 coeruleis,
863 975 1035 1043 achaeniis
1057 973 1262 1058 compressis
1283 994 1303 1036 o
1328 993 1363 1038 o·

225 1065 312 1130 vatis
333 1064 481 1150 margine
503 1083 623 1129 crasso
645 1063 776 1130 calloso
797 1063 934 1148 integris
955 1060 1033 1146 pilis
1047 1059 1133 1124 raris
1147 1059 1245 1145 apice
1259 1054 1365 1142 plica-

226 1148 269 1213 tis
291 1148 484 1232 conspersis
506 1147 613 1214 calvis
636 1148 832 1215 stramineis

210 1255 237 1304 ln
260 1254 371 1303 annosis
393 1252 478 1315 syleae
499 1251 532 1301 ad
555 1253 653 1302 durium
675 1254 785 1312 Helena,
811 1253 836 1306 d.
857 1254 900 1302 31.
925 1251 1028 1312 Augusti
1052 1249 1129 1298 less.
1171 1249 1249 1300 Herb.
1271 1247 1364 1298 Pretsx.

141 1324 190 1373 No.
208 1325 243 1374 86
255 1328 281 1373 et
294 1325 319 1373 in
329 1323 418 1372 clivulo
435 1322 547 1374 calcarco
561 1323 625 1372 hand
641 1325 725 1386 procul
737 1323 768 1373 ab
783 1322 899 1388 oppidulo
914 1321 1082 1376 rreenanue,
1101 1319 1125 1372 d.
1146 1319 1188 1372 1⁵.
1206 1320 1268 1380 llug.
1286 1317 1364 1368 1839.

141 1395 191 1445 Nc.
208 1395 252 1442 98.
272 1393 297 1457 (1
314 1393 450 1457 specimina
468 1407 516 1442 non
533 1393 682 1455 fructifera.)

211 1474 310 1532 Obiter
327 1477 451 1548 inspecta
467 1477 564 1547 plenta
581 1475 809 1550 Bracbycomcn
827 1474 1017 1531 bellidioiden
1039 1469 1137 1540 refert,
1164 1469 1215 1526 sed
1233 1469 1366 1526 schaenis

142 1549 283 1616 arduaque
294 1547 395 1618 speclei
408 1545 594 1600 direrslsslma
612 1555 682 1602 sunt.
720 1546 825 1602 Gaulos
841 1545 1003 1618 plerumque
1020 1540 1078 1594 tt
1098 1557 1132 1595 ex
1151 1539 1247 1596 eadem
1263 1540 1366 1606 radice,

143 1632 258 1688 quorum
276 1615 381 1670 medlus
399 1616 575 1685 subaremus,
599 1617 701 1672 caeteri
719 1616 919 1672 adscendentes
956 1623 1057 1668 teretes
1096 1610 1252 1678 iiliformes,
1277 1610 1365 1682 glabri

143 1695 172 1740 ut
183 1687 375 1809 'tpttpoplaptm
392 1685 453 1808 bapti
471 1685 581 1808 solinu,¹
593 1687 674 1808 appcc
691 1685 771 1810 nudp,
785 1659 998 1810 pnonocbeplrall,
1015 1655 1256 1806 i-idpcllicpnrlpsr
1274 1681 1365 1803 riariup

144 1771 703 1908 tttnttttzttrttttutti).
719 1762 1217 1898 ’rejectesttenete).
1247 1767 1365 1876 nrt.

143 1898 197 1948 tria
214 1901 245 1946 ut
261 1909 293 1946 su
314 1909 364 1960 ra,
391 1894 514 1962 minime,
540 1894 591 1948 sed
609 1893 704 1964 paullo
722 1895 828 1964 majora
847 1911 928 1963 quam
945 1895 971 1946 in
991 1893 1083 1963 specie
1103 1889 1296 1958 antecedente,
1324 1905 1365 1943 sc·

144 1963 278 2016 mllineam
296 1911 389 2034 longa,
407 1963 470 2033 pilis
508 1963 597 2016 licatis
615 1964 741 2032 utrinque
760 1974 786 2018 et
804 1965 926 2034 margine
941 1961 1004 2016 hinc
1021 1963 1084 2016 inde
1098 1975 1257 2032 conspersa,
1275 1959 1365 2031 apice·

145 2049 197 2102 que
215 2031 325 2086 denslus
344 2033 444 2086 clliata.
510 2034 581 2086 mnia
598 2032 705 2102 rellqna
722 2041 752 2088 ut
768 2033 797 2087 ln
814 2031 920 2088 Bracb
940 2049 1023 2087 come
1039 2030 1217 2088 tettrdtonte.

217 2100 284 2158 obs.
306 2099 328 2157 l.
364 2101 385 2155 S
408 2102 522 2157 ecimlna
539 2102 590 2157 sub
607 2101 663 2156 No.
682 2099 717 2156 98
735 2104 825 2157 omnia
842 2119 897 2156 non
914 2051 1056 2155 ductilem
1072 2101 1191 2170 ideoque
1210 2098 1306 2168 dubia,
1331 2117 1364 2156 ex

144 2171 238 2229 babitu
257 2171 311 2226 buc
328 2121 424 2241 retuli,
442 2182 470 2226 et
486 2173 533 2228 rix
552 2172 579 2226 in
598 2171 681 2226 dubio
699 2191 771 2240 sum,
790 2173 854 2243 quin
871 2189 971 2228 revera
986 2170 1041 2226 huc
1059 2172 1220 2243 pertineant.

217 2240 284 2298 ote.
303 2239 328 2296 i.
365 2239 412 2297 ob
437 2240 597 2298 affinitatem
619 2241 701 2312 hujus
724 2244 836 2315 plantae
859 2259 920 2298 cum
942 2241 1005 2310 illa,
1032 2257 1113 2312 quam
1136 2240 1220 2294 modo
1245 2238 1365 2308 deliniri,

143 2312 235 2366 locum
254 2313 278 2366 ei
295 2311 323 2366 ln
341 2310 561 2384 Bracbycomes
579 2329 679 2400 genere
697 2315 817 2382 servavi,
834 2313 906 2384 bene
923 2313 1058 2379 conscius,
1077 2329 1137 2366 eam
1151 2309 1277 2382 proxime
1288 2327 1366 2363 acce·

145 2381 210 2436 dere
227 2381 290 2436 binc
308 2382 345 2436 ad
362 2380 571 2454 Papucrinom
588 2383 661 2438 rlllnc
679 2383 716 2438 ad
734 2382 889 2440 Belltdem.
925 2383 983 2438 Sed
1002 2379 1178 2453 Paquertna
1196 2379 1303 2435 Casslni
1321 2395 1366 2451 ge·

144 2469 195 2506 uns
213 2453 297 2508 valde
315 2452 426 2507 dubium
444 2453 507 2508 mihl
527 2454 649 2522 videtur,
674 2462 701 2508 et
720 2463 827 2526 egomet
845 2453 953 2524 quidem
971 2453 1090 2524 speciem
1109 2453 1215 2505 unicam
1235 2449 1271 2504 ad
1290 2448 1366 2504 Bra·

145 2523 305 2594 cbycomen
326 2522 431 2580 referre
453 2523 551 2579 malim.
596 2521 737 2578 strenua
759 2529 860 2598 poppe·
879 2525 906 2578 in
929 2522 1005 2576 hisce
1029 2521 1129 2592 plantis
1155 2528 1197 2576 est
1221 2519 1367 2574 character

144 2593 273 2647 levissimi
291 2595 429 2662 momenti,
447 2610 530 2664 quum
547 2595 574 2653 in
592 2610 647 2648 una
664 2593 815 2664 eademque
833 2595 925 2666 specie
944 2591 1077 2646 achaenle
1094 2591 1138 2644 vel
1154 2590 1262 2643 omnino
1275 2589 1367 2656 calva,

145 2663 190 2716 vel
214 2681 269 2734 pap
292 2681 309 2717 o
332 2663 442 2718 minimo
467 2672 599 2718 coronata
623 2664 817 2732 observentur,
848 2661 966 2734 exempli
985 2661 1087 2732 gratier
1115 2661 1142 2714 in
1160 2657 1368 2730 Brachpcome

145 2732 255 2788 theridi
269 2735 330 2789 olio
347 2733 459 2802 Benth,
477 2741 508 2786 nt
525 2750 610 2806 supra
626 2731 752 2789 vidimus.
789 2733 919 2802 luemque,
937 2739 999 2786 sunt
1018 2729 1145 2786 Belltdts
1161 2729 1278 2800 species,
1296 2743 1367 2797 quas

145 2803 284 2858 schaenris
301 2819 397 2928 pappo
415 2805 524 2857 minimo
543 2803 630 2858 auctis
649 2803 783 2874 gaudent,
802 2802 908 2858 scilicet
926 2801 1020 2857 certa
1060 2819 1078 2856 a
1123 2800 1209 2855 ulosa
1226 2797 1320 2852 Boias.
1340 2807 1367 2853 et

146 2872 240 2929 seua
263 2873 336 2930 brac
356 2875 525 2946 ycmnotdes
547 2873 611 2928 nob.
637 2889 701 2928 mss.
726 2874 758 2942 (s
782 2874 826 2928 cll.
851 2873 938 2927 'lorre
977 2879 1003 2926 et
1047 2889 1080 2924 se
1112 2871 1173 2942 ‘ray
1192 2871 1220 2923 ln
1236 2867 1321 2922 Flora
1339 2867 1371 2921 cl
1438 2927 1441 2934 ¹

145 2941 386 2999 North-Amerina
404 2943 436 2998 Τ.
454 2941 480 2998 ⁸2.
499 2961 561 3015 pag.
584 2942 633 2996 191)
649 2943 725 2999 haud
743 2943 859 2998 feliciter
872 2943 908 2996 ad
948 2937 1270 3013 rccbpcomenrelata)
1289 2937 1366 3006 cujus
1396 2961 1400 2968 ·

146 3015 294 3085 specimina
312 3024 465 3086 spontanea
482 3015 651 3080 examinavi,
681 3023 707 3068 et
726 3031 797 3083 quae
816 3031 833 3068 a
852 3012 970 3069 Belltde
987 3011 1175 3084 inthrtfolia
1193 3007 1295 3076 triten,
1323 3009 1366 3062 cui

146 3086 281 3154 proxlmn,
300 3103 353 3140 non
373 3083 471 3154 differt,
488 3085 538 3138 nlsi
557 3083 741 3157 magnitudine
759 3085 876 3138 omnium
896 3083 1014 3156 partium
1025 3082 1111 3153 duplo
1120 3080 1216 3134 minori
1229 3087 1256 3134 et
1268 3077 1367 3133 achae-
1465 3112 1469 3118 .

145 3155 196 3207 niis
213 3172 309 3226 pappo
327 3156 435 3209 mlninro
455 3157 601 3210 coronatls.
637 3155 753 3210 Praeter
771 3154 905 3209 ucbaenis
922 3153 1004 3208 calva
1021 3169 1091 3208 vero
1108 3151 1184 3206 nulla
1208 3149 1300 3204 existit
1317 3147 1367 3202 dll-

146 3221 261 3280 lerentia
279 3241 347 3282 vera
365 3226 434 3281 inter
452 3224 681 3298 Bracbpcomco
704 3234 731 3280 et
749 3223 967 3298 Paquertrram.
1002 3222 1235 3294 Receptaculnm‚
1260 3219 1367 3276 involu-

147 3309 223 3348 crum
241 3302 268 3348 et
287 3311 380 3350 omnes
399 3295 498 3350 florum
516 3306 609 3368 portes
628 3295 750 3366 reliquae
772 3297 800 3350 in
826 3304 941 3365 utraque
964 3311 1064 3368 genere
1087 3291 1266 3348 concordant.
1301 3289 1368 3344 Non

146 3362 218 3416 idem
244 3365 320 3419 valet
344 3363 379 3419 da
406 3363 531 3422 Belltdc.
578 3367 666 3421 Adest
690 3367 760 3422 enim
787 3381 887 3422 revera
913 3363 1065 3420 differentia
1108 3362 1236 3429 enerics,
1266 3359 1369 3425 nullibi,

147 3441 275 3500 quantum
294 3437 369 3502 scio,
387 3435 478 3490 adbuc
496 3447 724 3505 commemorata,
750 3452 805 3505 qua
821 3435 950 3490 saclllime
968 3453 986 3488 a
1004 3379 1211 3514 Bracdpcome
1228 3428 1367 3499 distingut-

148 3511 199 3556 tur.
236 3501 312 3558 llaec
328 3521 397 3560 vero
415 3507 443 3560 in
460 3522 523 3560 rece
544 3507 627 3561 taculi
645 3505 751 3560 fabrica
769 3515 796 3558 ct
814 3506 994 3576 dispositione
1006 3500 1199 3555 aclraenrorum
1211 3499 1368 3566 quaerendo

148 3580 197 3626 est.
234 3571 328 3628 Bellis
351 3573 430 3630 Linn.
454 3593 508 3648 gan
529 3585 556 3630 et
577 3575 753 3646 receptaculo
778 3591 848 3645 spon
867 3575 944 3641 'oso,
972 3569 1179 3638 Bracbpcomc
1197 3565 1303 3622 cassini
1324 3584 1366 3622 re·

147 3641 292 3712 ceptacnlo
311 3659 439 3698 exsucca.
474 3643 689 3716 Receptaculum
712 3645 739 3697 in
761 3642 843 3698 Belli
864 3661 880 3696 c
903 3643 953 3696 sub
978 3637 1084 3694 anthcsi
1107 3653 1276 3706 convexum,
1304 3647 1366 3708 post

148 3711 272 3765 antlresln
296 3711 323 3766 in
342 3729 439 3768 conum
463 3714 665 3785 pyramldatuun
689 3712 821 3766 tumidum
840 3721 962 3782 augetur.
998 3709 1027 3763 ln
1046 3705 1254 3778 Bracltpcoma
1271 3717 1368 3762 contra

147 3781 351 3852 receptaculum
375 3799 528 3837 convexum
551 3799 688 3852 nunquam
706 3789 825 3835 mutatur
842 3797 893 3834 nec
910 3779 1074 3834 intumescit.
1110 3775 1159 3830 Sic
1177 3777 1258 3830 etiam
1274 3776 1316 3829 dis
1338 3793 1366 3829 o·

147 3852 210 3906 sitio
228 3851 423 3905 schaeniorum
440 3854 468 3907 in
484 3851 669 3924 receptaculo,
686 3851 765 3906 aliter
782 3867 812 3904 se
830 3849 914 3904 babet
929 3849 956 3903 in
973 3855 1092 3918 utroque
1110 3861 1218 3918 genere.
1255 3843 1285 3900 ln
1330 3847 1367 3899 el·

148 3921 209 3978 lide
224 3921 430 3993 receptaculum
448 3922 548 3976 sensim
566 3937 743 3989 excrescens,
768 3921 873 3974 demum
892 3917 1030 3974 acheenlle
1048 3916 1113 3972 undi
1132 3933 1167 3970 ue
1191 3913 1366 3970 subimbrlca·

148 3994 195 4048 tim
219 4000 359 4061 onustum,
385 3992 556 4046 involucrum
581 4001 608 4047 et
629 3989 762 4046 achaenle
785 3992 839 4044 ima
860 3990 942 4061 longe
960 3987 1076 4044 excedit.
1113 3934 1144 4043 dn
1162 3983 1368 4057 Braclepcomc

148 4072 235 4118 toturn
252 4061 456 4134 receptaculum
474 4060 613 4118 achaenlie
631 4061 754 4116 omnibus
766 4061 935 4117 verticaliter
946 4057 1123 4114 insidentibus
1137 4055 1245 4110 omnino
1258 4066 1367 4123 tectum,

147 4134 281 4190 involucri
299 4133 420 4205 squamis
436 4141 590 4205 superatur.

148 4263 179 4327 4.
232 4263 395 4334 Bracln
427 4261 874 4352 comolttnuglnosa
893 4261 1010 4325 Stcctz.
1028 4257 1249 4335 suffiutieosa,
1272 4254 1367 4322 caule

234 4347 361 4416 inferne
419 4346 606 4418 bo·lanato
633 4368 777 4434 superne
799 4347 896 4418 viridi
917 4345 1098 4431 asperula,
1119 4342 1210 4412 totits
1232 4341 1368 4408 alternis

235 4433 413 4501 sessilibus
449 4435 524 4501 basi
559 4433 938 4522 semiamplexicaulibus
970 4429 1194 4518 pinnatifidis‚
1238 4426 1369 4495 laciniis
