3116 4848
295 353 493 434 bilooulato,
520 351 642 419 loculis
664 352 926 421 multi-ovulatis
949 345 1106 440 (li-lb),
1135 357 1243 426 ovulis
1265 361 1299 425 in
1320 361 1432 430 loculo

293 440 497 519 uniserietis3
519 437 680 504 fructibus
702 486 738 509 ..
764 493 771 508 .
795 488 803 504 .

278 548 307 595 In
329 547 468 595 Australiae
490 545 726 593 austro-orientalis
748 545 900 608 rupertribuo
918 547 1008 598 montis
1025 547 1111 598 cunia
1129 563 1206 614 prope
1226 550 1339 615 oppidum
1356 553 1432 612 Yorlr,

210 617 250 666 die
269 618 310 668 15.
328 617 405 678 Aprili
423 615 500 663 1840.
535 615 612 664 Herb.
630 615 721 663 Preion.
740 615 789 668 No.
809 617 887 666 1291.

277 700 379 754 Planta
396 696 584 753 deficientibus
602 698 717 752 floribus
736 707 763 752 et
780 699 913 754 fructibus
932 718 966 754 ex
986 701 1074 757 orarii
1090 703 1161 756 unici
1183 702 1356 774 foecundati,
1383 725 1430 778 pa·

120 809 122 814 .
208 787 267 824 nrm
291 769 408 836 evoluti,
435 769 608 823 solummodo
632 770 785 840 superstitis
808 780 835 825 et
860 771 1004 826 ovulorum
1028 775 1231 828 constructione
1251 784 1325 830 certe
1343 775 1429 830 Pitto·

207 856 368 912 sporearum
384 839 504 894 familiae
523 840 604 907 civis,
631 839 723 909 quoad
741 857 826 910 genus
850 842 958 910 quidem
980 841 1079 906 dubia;
1113 853 1143 897 at
1165 844 1258 900 babitu
1284 847 1430 900 universali

207 920 234 964 et
257 910 424 978 reliquorum
446 911 565 980 partium
590 909 805 963 conformatione
828 929 889 964 cum
912 911 1018 966 duabus
1043 929 1056 966 s
1078 914 1187 968 eciebus
1212 916 1306 983 novis,
1333 925 1430 970 exacte

209 979 444 1035 Gbeirontlteroe
466 981 588 1050 generis,
615 979 650 1034 ab
675 979 701 1034 J.
726 979 925 1034 Drummondio
950 979 1018 1034 18³9
1064 982 1170 1036 oriferis
1196 992 1222 1036 et
1240 984 1386 1040 fructiferis
1403 987 1429 1040 in

207 1051 304 1104 eadem
329 1051 438 1103 colonie
462 1049 599 1118 collectis,
629 1051 710 1104 etiam
734 1049 937 1106 indurescentia
960 1060 987 1105 et
1011 1053 1099 1106 orarii
1125 1055 1326 1108 constructione
1349 1072 1429 1124 quam

206 1121 323 1175 maxime
342 1137 503 1190 congruens,
523 1129 549 1174 et
567 1136 628 1174 cum
646 1119 721 1174 nullo
740 1119 795 1174 alio
813 1119 1051 1192 Pittosporearum
1070 1139 1180 1193 genera,
1199 1133 1316 1194 excepto
1335 1123 1428 1181 forsan

206 1206 306 1262 genere
323 1189 520 1253 Billardtera‚
539 1189 614 1259 quod
631 1206 699 1245 vero
717 1191 875 1244 ovariorum
894 1193 1099 1246 constructione
1111 1201 1139 1246 et
1151 1192 1284 1248 fructibus
1294 1195 1428 1266 pendulis,

206 1277 262 1316 nun
280 1262 392 1328 erectis,
411 1260 529 1328 recedit,
547 1261 633 1330 magis
651 1261 784 1314 convenit.

276 1329 428 1385 Frutlonli
448 1329 505 1381 1-6
530 1331 650 1400 pedalis,
676 1332 703 1384 in
721 1331 817 1384 ricinis
836 1331 936 1402 plantis
955 1331 1079 1400 lubenter
1096 1333 1268 1402 scandentis,
1294 1334 1428 1390 rantulos

205 1401 287 1454 video
305 1408 419 1468 teretes,
446 1400 597 1456 adultiores
613 1401 661 1454 vix
680 1417 770 1471 penna
788 1401 901 1454 corvina
926 1403 1091 1469 crassiores,
1118 1403 1251 1473 plurimos
1275 1403 1350 1459 filum
1374 1422 1427 1459 em·

204 1472 357 1542 poretlcum
376 1471 499 1524 crassitie
509 1471 557 1524 vix
572 1481 742 1540 superantes,
759 1471 941 1542 longissimos,
958 1471 1106 1542 tripedales
1120 1481 1147 1525 et
1157 1474 1305 1544 longiores,
1322 1473 1427 1528 flexuo-

204 1557 268 1609 sos,
293 1540 443 1608 volubiles,
471 1541 573 1594 cortice
594 1541 667 1594 laete
688 1540 858 1612 ferrugineo,
888 1541 1025 1611 spiraliter
1053 1545 1294 1612 rugoso-striato,
1322 1543 1427 1614 glabro,

204 1610 293 1680 laevi,
310 1611 396 1666 nitido
414 1611 520 1677 vestiti,
539 1611 663 1682 superius
682 1611 848 1681 epidermide
866 1612 1021 1666 tenuissime
1039 1613 1263 1681 membranacea,
1281 1614 1342 1685 pilis
1352 1614 1426 1668 mol·

204 1680 288 1749 libus,
317 1683 407 1748 canis,
434 1681 562 1735 deorsum
584 1681 694 1735 directis
712 1681 803 1735 obsita
821 1691 848 1735 et
865 1681 927 1735 binc
944 1682 1008 1734 inde
1026 1701 1043 1736 a
1062 1685 1164 1736 cortice
1182 1684 1289 1751 soluta,
1316 1684 1366 1737 sed
1383 1700 1426 1738 ra·

204 1750 294 1804 mulos
318 1750 408 1805 adbuc
431 1751 601 1820 interruptim
624 1752 805 1821 amplectente
827 1752 989 1819 instructos,
1016 1768 1047 1804 su
1070 1769 1133 1806 erne
1152 1752 1319 1824 epiderrnide
1337 1753 1427 1806 adbuc

202 1821 310 1891 integra
333 1829 360 1874 et
404 1820 446 1874 ilis
469 1820 612 1889 mollibus,
639 1822 860 1890 canescentibus,
888 1821 1015 1875 deorsum
1040 1771 1150 1874 ‹lirectis
1169 1822 1326 1878 densissime
1345 1839 1427 1876 cano·

201 1889 335 1960 ¹villosos,
353 1839 425 1944 follis
444 1892 613 1958 alternatim,
641 1891 700 1945 basi
719 1892 848 1946 distantia
866 1892 974 1944 circiter
992 1891 1162 1962 bipollicarl,
1186 1895 1311 1964 superius
1327 1893 1427 1946 sensim

203 1961 395 2030 decrescente,
423 1961 537 2029 dissilis,
564 1963 670 2032 apicem
691 1977 790 2016 versus
813 1963 847 2016 in
862 1961 952 2015 axillis
970 1979 1109 2016 ramorum
1126 1961 1302 2017 fasciculatis.
1339 1961 1427 2016 Folia

202 2030 364 2086 brevissimo
383 2031 486 2102 petiole
504 2029 574 2084 infra
593 2031 821 2099 convexiusculo,
839 2048 924 2102 supra
943 2032 1126 2086 canaliculato
1144 2032 1370 2103 patenti-villoso
1387 2032 1426 2085 ia·

203 2101 335 2169 sidentia,
363 2109 462 2168 ovata,
490 2101 596 2167 ovalia,
622 2100 669 2153 vel
687 2101 936 2170 oblongo-avalla,
961 2100 1019 2153 3-t
1038 2101 1147 2156 linealia
1169 2119 1255 2170 usque
1272 2101 1426 2173 pollicaria,

202 2168 261 2221 1-1
279 2170 324 2224 lin.
343 2170 416 2238 lata,
441 2170 541 2240 plana,
566 2169 691 2237 utrinque
709 2171 872 2239 rotundare,
890 2173 970 2242 apice
988 2179 1133 2242 praeterea
1151 2183 1231 2226 acute
1250 2172 1427 2242 emarginata,

202 2241 323 2309 margine
341 2241 513 2308 integerrimo
532 2238 673 2306 revoluta,
699 2241 820 2294 insieco
839 2241 1001 2309 convoluta,
1028 2240 1101 2294 laete
1125 2241 1427 2308 luteo-viridescentis,

202 2309 299 2364 subtus
337 2309 479 2377 allidiora,
502 2308 627 2377 utrinque
643 2310 706 2380 pilis
724 2310 864 2378 mollibus,
892 2312 967 2364 canis
985 2310 1191 2380 patentissimis,
1219 2310 1367 2378 praecipue
1387 2309 1426 2362 'u-

201 2380 283 2434 niora
321 2396 385 2433 ense
403 2378 638 2447 imane-villosa,
686 2382 787 2435 atentia
805 2381 850 2435 vel
870 2380 1120 2449 erecto-patentia,
1142 2378 1325 2462 persistentia.
1394 2397 1425 2434 a·

202 2450 280 2504 muli
296 2467 331 2504 ex
350 2449 441 2515 axillis
458 2449 585 2502 foliorum
597 2398 775 2520 egredientes,
795 2466 938 2519 egemma,
957 2448 1076 2503 bracteis
1087 2449 1308 2516 minnnisovatis,
1328 2450 1425 2518 acutis,

202 2519 287 2573 dorso
312 2520 530 2574 connexiusculis
553 2521 727 2591 margineque
755 2521 875 2574 breviter
903 2519 1013 2590 pilosis,
1045 2519 1117 2572 intus
1144 2519 1220 2572 cervis
1247 2519 1425 2589 glaberrimis,

201 2591 289 2662 primo
307 2591 472 2662 marginibus
491 2607 552 2645 sese
569 2591 730 2645 imbricatim
748 2590 908 2661 tegentibus,
928 2588 1143 2657 conniventibus,
1161 2589 1248 2641 serius
1260 2588 1424 2660 patentibus,

201 2669 229 2714 et
247 2662 335 2732 primo
353 2661 380 2715 in
398 2662 457 2715 sinu
477 2661 659 2732 pedunculum
677 2678 758 2716 unum
777 2660 928 2713 alterumve
945 2659 999 2712 ima
1022 2657 1082 2712 basi
1104 2659 1253 2714 bracteolis
1281 2657 1349 2726 1-1,
1377 2659 1424 2711 rni-

200 2731 278 2785 nimis
296 2729 434 2786 suffultum
453 2749 599 2800 exserens,
624 2733 734 2786 tandem
752 2733 779 2784 in
797 2731 931 2784 ramulum
949 2728 1109 2796 foliiferum,
1137 2745 1171 2783 ex
1190 2730 1280 2784 axillis
1298 2728 1424 2782 foliorum

200 2799 263 2855 binc
286 2802 349 2855 inde
366 2803 463 2856 iterum
486 2802 669 2873 pedunculum
687 2802 838 2855 solitarium
857 2803 1035 2868 emittentem,
1055 2807 1083 2854 et
1100 2801 1179 2870 apice
1196 2801 1224 2854 in
1242 2798 1424 2870 petiunculam

200 2871 351 2926 solitarium
370 2873 530 2925 terminante
553 2871 723 2942 proveniunt.
760 2869 931 2927 Peduncull
952 2872 1106 2943 simplices,
1133 2879 1247 2937 teretes,
1272 2869 1424 2937 liliformes,

201 2940 274 2994 foliis
292 2942 377 2994 multo
395 2941 549 3011 longiores,
580 2937 634 2991 l-‘l
652 2939 814 3010 pollicares‚
842 2943 947 3012 apicem
964 2959 1062 2996 versus
1080 2942 1107 2994 in
1125 2940 1327 3011 receptaculum
1346 2938 1424 2992 floris

201 3012 301 3065 sensim
318 3009 453 3080 ampliati,
471 3011 533 3078 pilis
552 3009 693 3078 mollibus,
711 3012 786 3064 canis
804 3011 1190 3082 horizontaliter·patentibus
1209 3009 1292 3063 dense
1312 3010 1424 3062 incano-

200 3079 305 3147 villosi,
325 3079 411 3133 adulti
429 3080 629 3146 calvescentes,
647 3089 904 3152 erecto-patentes,
929 3083 995 3134 recti
1012 3081 1058 3134 vel
1077 3081 1156 3150 apice
1174 3097 1271 3150 parurn
1288 3085 1423 3134 nutantes.

200 3147 305 3204 Flet-ea
323 3157 350 3202 et
366 3148 487 3218 fructus
504 3164 598 3201 omnes
616 3147 730 3220 delapsi.
770 3150 914 3206 Ooarium
932 3149 1126 3203 foecundatam
1148 3151 1256 3200 unicum
1274 3158 1424 3220 superstes,

200 3219 262 3274 basi
286 3225 428 3272 attenuate
450 3219 478 3269 in
495 3219 670 3287 receptaculo
694 3219 772 3274 floris
797 3221 958 3291 superstite,
986 3217 1200 3271 convexiusculo
1224 3225 1251 3268 et
1269 3219 1359 3272 medio
1376 3221 1424 3272 im-

220 3305 298 3341 resso
317 3287 374 3340 fere
393 3285 554 3355 subsessile,
572 3288 652 3359 longe
670 3289 874 3361 ellipsoideum,
899 3286 1388 3366 cylindraceo-compressiusculum‚
1407 3289 1425 3337 4

199 3307 313 3426 llnenle,
332 3357 466 3410 diametro
484 3357 581 3412 latiore
600 3361 778 3415 transversali
798 3359 827 3427 Ἃ
847 3359 908 3424 lia,
927 3355 1083 3424 angustiore
1106 3354 1132 3422 ll,
1153 3353 1198 3406 lin.
1218 3353 1316 3420 latum,
1339 3355 1366 3407 in
1383 3356 1424 3408 fa·

200 3427 293 3482 clebus
317 3427 493 3498 planiusculis
517 3429 606 3482 medlo
625 3429 708 3501 juxta
726 3429 799 3482 exim
822 3427 899 3479 sulco
918 3422 1107 3494 longitudinali
1125 3423 1299 3492 impressum,
1327 3439 1425 3492 parum

198 3498 363 3566 inclinatum,
383 3498 489 3570 angulis
508 3500 690 3554 exterioribus
709 3495 903 3550 obtusiusculis
922 3494 988 3547 stria
1006 3492 1121 3546 suturnli
1139 3492 1228 3545 medio
1241 3489 1424 3562 longitudino-

198 3568 261 3622 llter
277 3569 410 3638 insignitis
427 3567 484 3622 fere
503 3587 620 3639 anceps,
639 3565 778 3636 glabrum,
796 3565 876 3632 apice
895 3569 1035 3616 attenuato
1054 3564 1082 3616 ia
1099 3562 1199 3634 stylum
1218 3569 1347 3631 teretem,
1371 3561 1423 3617 fili·

199 3637 329 3705 formem,
352 3653 459 3692 sursum
478 3641 643 3701 tenuiorem,
668 3633 765 3688 orario
783 3631 841 3687 fere
860 3633 944 3704 duplo
963 3633 1131 3700 breviorem,
1149 3632 1281 3687 lateribus
1299 3633 1425 3702 utrinque

198 3707 277 3762 sulco
300 3725 335 3762 ex
359 3710 456 3764 ovario
479 3709 605 3762 continue
628 3704 791 3758 decurrente
813 3713 970 3772 exaratum,
998 3705 1078 3773 apice
1100 3703 1226 3774 stigmate
1244 3701 1341 3758 obtuse
1360 3719 1424 3758 con·

198 3778 375 3846 rexiusculo,
402 3779 528 3834 obsoleta
550 3774 644 3830 bilobo
668 3775 854 3843 terminatum,
881 3773 1020 3845 glabrum,
1047 3790 1145 3844 parum
1162 3773 1335 3842 inclinatum,
1362 3788 1424 3844 per·

199 3847 337 3902 sistentem
356 3851 481 3903 continue
500 3847 647 3912 transiens3
671 3846 742 3900 lntus
762 3862 777 3898 e
795 3845 948 3913 semiseptis
966 3845 992 3897 in
1011 3845 1057 3897 axi
1076 3845 1148 3898 conti
1170 3845 1209 3897 nis
1229 3851 1256 3897 et
1274 3843 1424 3898 cohaeren-

199 3916 271 3971 tibus
288 3917 482 3986 bilocolatum,
508 3917 606 3972 loculis
629 3915 834 3970 mtrltiovulotls.
875 3913 971 3970 Onrtla
989 3914 1014 3968 in
1033 3863 1198 3986 marginibus
1217 3915 1426 3984 semiseptorum

194 3986 278 4058 juxta
302 3990 375 4042 exim
399 4007 432 4043 ca
453 3987 530 4042 sulae
553 3990 680 4072 contigue
703 3987 837 4058 parallelo
860 3985 1065 4040 decurrentibus
1084 3994 1111 4039 et
1129 3987 1155 4040 in
1173 3985 1282 4039 loculos
1300 3985 1425 4051 utrinque

198 4059 411 4130 prominentibus
429 4007 551 4112 Ridicule
569 4057 739 4126 merissime,
757 4058 860 4126 albido,
879 4065 1027 4128 corrngoto
1046 4056 1214 4124 alternatim,
1232 4072 1297 4110 mox
1316 4071 1351 4107 ex
1368 4068 1423 4134 uno

198 4145 262 4184 mox
281 4145 315 4184 ex
334 4129 422 4184 altero
441 4129 561 4199 margine
579 4128 734 4198 egrediente
752 4145 895 4200 suspensa,
912 4127 1091 4200 subglobosa,
1110 4129 1243 4180 diametro
1255 4121 1424 4188 semilineelr,

198 4211 292 4254 mutua
309 4199 451 4269 pressione
470 4197 615 4268 ungulato,
642 4198 702 4253 basi
727 4198 1051 4270 emarginato-cordata‚
1079 4196 1171 4249 torulo
1197 4209 1251 4257 uno
1276 4189 1424 4245 umbilicali

180 4266 319 4324 'funiculo
337 4267 531 4334 adhaerentia,
559 4267 647 4322 altero
669 4267 838 4339 micropylen
857 4285 946 4338 prope
965 4265 1119 4320 umbilicum
1137 4263 1174 4316 ad
1192 4261 1263 4314 latus
1283 4267 1424 4312 externum

199 4338 398 4399 consumentu
423 4335 522 4408 rapbe
549 4335 584 4394 ab
613 4335 742 4390 umbilico
767 4338 914 4390 introrsum
936 4333 1145 4389 horizonteliter
1170 4345 1221 4400 per
1262 4329 1423 4382 oadrantem

200 4401 436 4460 circumferentiae
453 4404 529 4458 ovull
547 4403 697 4474 producta,
724 4419 822 4475 parum
839 4403 958 4473 tumida,
984 4409 1058 4459 testa
1074 4398 1209 4456 communi
1273 4398 1369 4466 ducta,
1396 4397 1423 4453 ia
