3110 4850
75 2370 79 2378 ·
159 2347 246 2417 cilici,
269 2349 297 2403 in
315 2357 437 2403 nostram
454 2347 576 2419 plantam
595 2347 738 2418 quadrant.
804 2347 958 2402 ihilominus
976 2355 1067 2402 temen
1083 2347 1131 2400 vix

579 242 682 254 --
733 139 811 271 aa
863 241 964 252 --.

161 385 455 460 semiamplexiceulia,
472 384 700 456 semipulllcarla,
718 382 878 440 internodiis
896 384 1056 456 plerumque
1074 384 1215 456 longiora,
1234 369 1384 454 inferiora

134 507 138 514 ,
160 458 217 513 iere
236 459 374 524 obovata,
390 455 536 524 breviora,
555 456 686 526 opposita
702 456 748 511 vel
766 455 885 522 alterna,
910 471 1075 524 squarrosa,
1091 459 1251 528 repertore
1269 453 1384 519 alterna,

161 529 292 600 petentia.
332 525 498 582 Glomerula'
514 525 541 579 in
564 526 644 578 alce
668 541 806 580 ramorum
830 524 945 580 solitarii
969 525 1015 580 vel
1039 525 1067 578 in
1091 523 1248 594 corymbum
1272 522 1383 578 brevem

162 599 304 670 dispositi,
332 598 407 651 oveti
425 595 471 650 vel
489 545 664 666 subglodsosl‚
691 593 750 646 te
768 595 813 650 lin.
831 593 907 666 longi
926 603 953 649 et
969 595 1027 648 lati.
1066 592 1238 650 Peduncult
1254 593 1384 647 axillares

161 669 205 724 vel
223 667 379 722 terminales
417 664 518 734 loliati,
541 666 709 734 abbreviati,
732 681 797 719 raro
815 664 1010 750 semipallicem
1030 664 1209 732 excedentes,
1231 662 1383 734 glomerulo

161 738 302 804 solitario,
320 737 366 792 vel
384 708 469 804 dinis,
493 738 577 790 ternis
596 735 737 791 sessilibus
756 736 899 790 terminata
936 733 1127 790 Incolucrum
1164 733 1283 788 eaerale
1300 730 1383 787 heml-

161 807 345 880 sphaericum,
362 807 432 862 inter
443 804 510 860 lolia
521 823 635 875 summa,
652 807 771 875 minima,
783 804 930 859 fulerantia
944 805 1050 875 sessile,
1067 752 1204 860 biserdde.
1231 801 1384 886 squamae

161 883 324 933 cctertoree
346 877 575 932 ovato-lineares
599 877 730 946 obtusae,
759 880 916 932 interiores
939 874 1033 946 paullo
1059 874 1198 945 longiores
1215 871 1383 996 latiorestpue

146 947 365 1016 obtusissimus,
390 963 483 1002 omnes
501 947 566 1002 lona
583 947 711 1002 intricata
728 947 769 1000 sic
785 947 855 1000 inter
873 961 904 1000 se
922 944 1101 1012 eon‘unctne‚
1127 953 1156 998 ut
1174 952 1260 997 totum
1277 942 1342 997 invo
1355 960 1383 996 n-

162 1035 237 1072 crum
255 1019 334 1090 apice
352 1025 506 1073 truncatum
525 1027 669 1088 appareat.
705 1015 780 1072 Aris
798 1016 970 1090 (receptccu
984 1033 1034 1070 um
1047 1015 1199 1087 peaerale)
1212 1013 1317 1079 eonlca,
1336 1013 1383 1066 sti·

160 1088 261 1161 pitibus
279 1087 411 1142 euocatis
424 1086 636 1161 (receptaculis
650 1085 867 1160 capitulorum)
885 1086 969 1140 dense
982 1095 1089 1140 onusta.
1120 1083 1262 1158 Capitale
1274 1082 1382 1149 biflorn,

160 1175 315 1215 numerosa.
352 1157 505 1214 Inuolueri
517 1158 664 1242 partialis
680 1174 825 1242 spamae
842 1155 873 1222 d,
891 1155 1034 1228 hyalinae,
1053 1164 1154 1210 ovatae
1172 1155 1216 1209 vel
1236 1153 1383 1220 eboratae,

159 1229 289 1298 obtusae,
306 1229 466 1295 uninerves,
484 1245 563 1299 apice
581 1227 764 1300 appendicula
779 1227 867 1295 brevi,
886 1227 989 1296 enervi,
1007 1227 1105 1280 citrino
1122 1233 1235 1292 auctae,
1254 1223 1382 1278 decussa·

49 1301 50 1304 ’
161 1300 207 1352 tim
226 1299 332 1370 positae
360 1314 475 1369 querum
494 1299 573 1353 binae
591 1298 735 1353 interiores
773 1297 863 1365 lunae,
880 1297 960 1352 binae
980 1297 1131 1352 exteriores
1149 1293 1384 1367 longitudinaliter

162 1371 281 1439 plicatae
299 1341 345 1425 vel
362 1369 547 1438 naviculares,
564 1367 662 1424 florem
680 1316 815 1440 singulum
833 1367 958 1436 utrinque
977 1366 1126 1435 includunt,
1147 1365 1193 1430 ΙΨ,
1212 1366 1258 1419 lin.
1274 1365 1382 1418 laneae.

164 1438 299 1495 Corollec
316 1438 449 1512 graciles,
476 1435 662 1506 5·dentatae‚
691 1438 816 1494 dentibus
835 1437 962 1506 rellexis,
989 1436 1055 1491 tubo
1078 1435 1139 1492 basi
1160 1436 1187 1490 in
1212 1407 1382 1490 tuberculum

159 1508 353 1578 skirrhosum,
372 1509 470 1565 orario
494 1507 576 1563 latius
601 1507 706 1562 demum
731 1509 860 1575 dilatato,
887 1515 951 1562 ante
973 1507 1097 1561 anthesin
1124 1506 1268 1561 involucro
1287 1504 1382 1576 paullo

158 1577 314 1648 breviores,
333 1580 396 1632 dein
414 1578 608 1649 aequilongae,
626 1580 681 1632 lma
697 1579 759 1632 basi
777 1576 1016 1634 sirbvlandulosae.
1053 1575 1205 1632 Anides-ec
1221 1576 1382 1631 brevissime

160 1649 302 1703 caudatae.
338 1647 420 1719 Septa
434 1653 517 1704 rarat
532 1647 647 1716 breves,
676 1619 863 1716 erectiusculi,
890 1649 971 1719 apice
989 1646 1291 1719 capitellum-truncati
1333 1663 1381 1717 pa·

158 1718 260 1788 pillosi.
296 1716 451 1772 Achaeme
467 1719 579 1786 teretia,
604 1717 718 1789 glabra,
741 1717 803 1772 basi
821 1727 977 1786 attenuate,
1002 1719 1111 1772 omnino
1130 1716 1220 1773 calva.
1241 1715 1296 1784 ,‚,F
1308 1732 1381 1784 ores,

160 1787 245 1854 (teste
270 1786 307 1911 dd
327 1785 464 1882 Ppplssio)
486 1785 668 1842 Matricariae
692 1786 890 1842 chamomillae
913 1787 1029 1842 odorem
1052 1795 1200 1858 spargunt,
1226 1801 1381 1856 saporeque

159 1858 216 1912 acri
253 1873 289 1910 au
310 1865 382 1911 ent.

260 1925 299 1982 be.
319 1923 342 1980 l.
379 1926 450 1980 Ante
468 1923 592 1981 enthesin
611 1925 692 1979 tubns
711 1924 834 1980 corollae
851 1923 911 1977 basi
936 1925 1074 1992 aequalis,
1103 1933 1201 1994 postea
1224 1941 1292 1978 vero
1319 1942 1380 1979 cum

158 1995 232 2068 stylo
265 1996 325 2052 basi
343 1993 477 2062 bulboso,
495 1995 522 2048 in
541 1995 712 2049 tuberculum
729 1995 900 2048 skirrhosum
917 1994 1036 2048 basilare
1054 1995 1216 2049 intumescit.

232 2039 299 2122 bns.
309 2065 334 2122 2.
352 2065 561 2121 Eriocladtum
570 2064 800 2138 pyrcmtdotum
810 2064 901 2119 Lindl.
920 2061 1111 2118 Suae-River
1123 2062 1189 2118 Bot.
1203 2081 1239 2135 pa
1260 2063 1378 2121 .XXlV.

67 2157 68 2160 ¹
157 2135 284 2193 Noluit
302 2146 344 2192 est
361 2137 457 2208 plenta
475 2135 538 2190 milri
556 2137 650 2207 ignota
689 2153 750 2190 eam
771 2152 804 2189 ue
820 2135 848 2190 in
867 2133 1031 2190 collectione
1053 2133 1212 2188 Preissiana
1240 2081 1378 2191 desidera·

159 2224 230 2277 rem,
257 2208 308 2262 niel
331 2208 488 2279 suspicatus
512 2223 615 2275 essem,
642 2177 676 2262 cl.
700 2151 865 2277 Lindleyum
883 2203 1143 2278 Slirrltoplrorum
1166 2204 1238 2259 hunc
1255 2214 1378 2260 nostrum

158 2285 222 2334 ante
239 2279 336 2334 oculos
354 2277 491 2332 habuisse.
518 2275 643 2332 Plurima
661 2278 731 2331 euim
749 2277 772 2332 si
792 2294 827 2330 no
845 2276 1013 2332 characteris
1032 2282 1087 2329 tum
1106 2276 1233 2346 generisi,
1248 2285 1304 2329 turn
1316 2293 1377 2400 spe·

158 2418 225 2484 beo,
243 2420 278 2473 cl.
297 2427 438 2473 auctorem
457 2419 614 2490 dignitatem
632 2417 733 2472 ilorum
750 2419 868 2489 partium
891 2427 918 2472 et
942 2417 1032 2472 locnrn
1054 2363 1378 2488 naturadddrsuidesaudrade

158 2496 184 2542 et
202 2489 311 2544 sinistre
328 2488 509 2557 intellexisse,
529 2497 558 2542 ut
575 2488 710 2543 involucri
730 2489 854 2558 partialis
873 2503 1003 2556 sqiramns
1042 2503 1074 2539 ro
1091 2487 1176 2557 paleis
1195 2487 1332 2552 habuerit,
1351 2497 1379 2544 et

159 2558 287 2628 plantam,
306 2557 502 2632 Anpicatltcts
519 2575 600 2628 quam
619 2559 736 2612 maxime
754 2559 911 2630 propriam,
929 2557 966 2611 ad
984 2505 1182 2612 Aidonastees
1201 2559 1377 2614 transtulerit.

157 2691 187 2755 9·
240 2692 628 2779 §ktrrlroplrorus
666 2690 980 2763 Preisstanus
1026 2681 1149 2755 steca?
1176 2692 1377 2773 herbaceus,

241 2777 471 2863 glaberrimuS,
492 2776 589 2842 caule
610 2776 854 2926 simplicissimo
875 2775 933 2844 vel
948 2777 1022 2842 basi
1037 2781 1162 2842 remum
1181 2798 1278 2842 uuum
1295 2779 1378 2846 ulte-

240 2883 355 2928 rumve
377 2871 513 2949 agente,
543 2861 634 2928 foliis
655 2862 792 2928 uternis
814 2861 870 2927 vel
891 2881 969 2927 raro
992 2863 1154 2946 oppositis
1176 2873 1316 2948 anguste
1338 2864 1376 2929 li·

241 2948 400 3014 nearibus
422 2949 529 3013 acutis
550 2947 626 3012 basi
645 2947 754 3013 latiori
777 2945 1170 3030 semiamplexieaulibuS,
1193 2947 1376 3033 glomeratio

241 3031 391 3100 solitario
413 3031 591 3112 terminali,
613 3030 786 3101 involucro
808 3031 957 3116 generali
980 3032 1136 3118 elongato
1161 3032 1378 3120 glomerulum

130 3151 133 3158 ·
239 3128 439 3204 superante,
461 3117 598 3185 corollis
619 3119 895 3203 quadrideutatis,
917 3117 1089 3184 schaeniis
1110 3140 1222 3206 pappo
1245 3121 1377 3187 coroni-

239 3201 336 3270 torni
356 3203 488 3269 minimo
511 3203 687 3289 superatis.

84 3363 89 3376 ,
226 3309 252 3358 In
275 3309 395 3360 umbrosis
417 3309 522 3360 madidis
545 3311 610 3360 inter
633 3310 735 3360 frutices
757 3322 834 3374 prope
857 3309 935 3358 lacum
957 3310 988 3358 ad
1011 3309 1266 3374 Woodman’s-point,
1295 3325 1377 3360 meuse

160 3377 216 3426 Dec.
235 3380 311 3434 18³8.
349 3380 426 3433 Herb.
444 3381 536 3430 Prelss.
555 3381 603 3433 No.
622 3382 666 3430 38.

225 3459 317 3517 Herba
327 3462 437 3548 pusilla,
456 3480 518 3518 cum
531 3463 636 3520 radice
647 3460 768 3517 fililormi
782 3461 789 3512 1
802 3461 827 3528 ¹l,
836 3461 902 3531 -2112
911 3462 1078 3534 polliceris,
1097 3459 1376 3533 Phyllocelymmoe

161 3530 261 3600 generis
279 3531 401 3588 hebetum
419 3550 487 3604 prae
513 3551 543 3588 se
567 3532 666 3588 serens.
705 3531 806 3586 Cauiis
831 3543 955 3601 erectus,
983 3531 1214 3601 simplicissimus,
1241 3533 1286 3586 vel
1310 3551 1376 3586 raro

161 3611 260 3652 ramum
276 3618 358 3656 unum
377 3603 527 3658 alterumve
544 3602 606 3657 basi
624 3602 761 3668 emittens,
781 3601 933 3672 glomernlo
953 3601 1078 3656 solitario
1097 3602 1270 3670 terminatus,
1289 3605 1377 3674 graci-

162 3666 209 3735 lis,
226 3677 310 3738 teres,
329 3689 549 3744 purpurascens‚
577 3681 605 3725 et
623 3682 651 3727 nt
670 3680 729 3724 tote.
767 3671 843 3724 lanta
861 3669 1048 3742 globerrimus.
1085 3669 1312 3740 retracturus,
1331 3673 1376 3728 vel

162 3737 292 3792 rarissime
316 3757 333 3794 o
355 3743 460 3812 posita,
487 3740 641 3808 dlilormia,
668 3689 854 3794 crassddscula
872 3749 899 3793 et
917 3740 1079 3806 subteretia,
1103 3739 1164 3795 besl
1186 3740 1278 3795 latiori
1297 3744 1376 3797 serni·

163 3759 1238 3936 istros
1255 3813 1375 3936 eu·

164 3965 228 4002 mcc
244 3921 403 4004 eutertdres
415 3899 670 4019 ²ddiainaequales,
689 3919 838 4018 lollaceae,
857 3898 1020 4019 strletaefe
1037 3897 1288 4020 begielatepoevxata,
1304 3899 1376 4005 deded-

164 4018 222 4090 gine
238 4017 510 4088 submembranacee,
533 4019 634 4076 sensim
652 4028 825 4088 attenuatae,
851 4020 1022 4075 acuminatas
1039 4030 1067 4075 et
1082 4021 1244 4074 mucronulo
1261 4021 1376 4091 calloso,

164 4089 342 4162 subpungente
366 4089 540 4160 terminatae,
567 4095 724 4146 interiores
745 4091 876 4160 totidem,
903 4090 1101 4148 exterioribus
1123 4091 1303 4161 alternantes,
1328 4093 1375 4147 ab·

165 4159 310 4229 breviatae,
329 4160 652 4226 calloso-mucronum,
675 4159 731 4216 late
749 4171 857 4217 ovatae.
897 4162 971 4217 Acts
989 4161 1216 4231 connexiuscula‚
1239 4164 1376 4235 stipitibus

166 4231 289 4286 truncatis
311 4231 375 4298 (rec
415 4233 523 4288 iaculis
541 4231 738 4306 partialibus)
764 4231 848 4287 dense
871 4240 980 4287 onusta.
1020 4231 1163 4306 Gapttota
1183 4233 1297 4302 bidora,
1327 4251 1377 4288 nu-

166 4318 274 4358 merose.
309 4301 380 4358 lano
393 4308 462 4358 ucrt
473 4303 620 4377 partialis
638 4319 769 4373 squamae
787 4301 804 4353 4
821 4301 967 4374 hyalluae,
991 4305 1070 4376 apice
1088 4303 1273 4376 appendicula
1289 4304 1376 4372 brevi,

166 4373 268 4442 enervi,
285 4373 422 4428 concolori
441 4383 555 4442 auctae,
574 4381 712 4428 caeterum
730 4373 826 4430 eadem
844 4371 947 4445 t'orma,
966 4383 994 4428 et
1012 4373 1108 4430 eodem
1128 4374 1223 4430 ordine
1242 4373 1376 4446 disposita

167 4460 241 4514 qrrarn
262 4445 287 4498 in
311 4442 536 4518 Sktrrl-opltero
564 4443 797 4520 Gaaataqtamt,
824 4444 872 4500 sed
898 4443 984 4518 duplo
1001 4444 1059 4500 lere
1077 4447 1203 4502 minores.
1242 4443 1377 4500 Corollce
1437 4468 1441 4478 ·
