3110 4850
555 231 938 302 ——didm

207 423 233 472 in
258 421 311 471 solo
335 420 421 470 limoso
445 418 532 482 hyeme
555 431 617 481 aqua
641 417 760 467 inundata
783 418 814 467 sd
839 417 936 470 dorium
958 417 1044 476 droa,
1070 417 1096 470 d.
1119 419 1144 468 5.
1169 415 1251 466 Martii
1277 417 1354 468 18³9.

136 493 214 546 Herb.
232 491 324 541 Preiss.
343 491 392 538 No.
410 490 453 542 81.
491 489 672 548 swan-ittae,
689 486 849 538 Drummoud!
873 489 1031 552 (comparari
1048 488 1171 551 specimen
1189 487 1363 538 authenticam·

136 564 161 612 ia
179 561 248 614 irerb.
265 563 329 622 iter.
346 554 522 622 Berollnensi)'.
602 583 606 590 ·

206 643 363 700 Frutieulus
380 643 523 713 perennis,
541 641 707 697 ritamnote
722 641 846 712 lignosa,
866 641 953 708 duro,
979 639 1136 694 multicaull.
1176 637 1279 694 Gaulos
1297 639 1355 710 pln-

135 715 210 778 rimi,
230 715 330 781 erecti,
349 721 463 780 teretes,
491 711 605 778 sulcati,
632 710 762 782 graciles,
788 712 837 763 sim
858 710 941 773 lices,
969 706 1014 762 vel
1032 724 1117 792 parce
1136 709 1251 777 ramosi,
1277 711 1356 778 apice

136 786 181 839 lon
202 783 306 837 'uscule
330 783 409 850 nudi,
436 783 463 836 in
487 781 678 852 speciminibus
702 779 820 835 herbarii
840 729 921 851 liegii
944 777 1133 832 Berolmensis
1156 775 1212 830 iere
1235 778 1356 848 pedales,

135 855 163 908 iu
207 853 346 906 relssianls
364 850 422 902 :l-'b
441 851 598 922 pollicares.
635 849 738 916 Folia,
766 860 796 904 ut
820 858 878 903 tota
902 847 1011 920 planta,
1040 846 1224 916 glabrione-ula
1249 848 1294 901 vel
1318 856 1356 902 te-

134 923 263 977 nuissime
273 921 417 993 puberum,
430 921 580 993 iuferiora
590 920 759 991 pinnatifida‚
771 919 877 974 laciniis
889 935 950 974 cum
965 915 1060 972 rlrechi
1070 916 1228 987 linearibus,
1247 915 1355 988 elonga·

135 994 185 1060 tis,
213 993 337 1058 remotis,
355 992 551 1059 integerrimis,
574 995 734 1064 superiora
751 991 871 1060 integra,
896 997 923 1042 et
941 988 1021 1058 apice
1039 996 1134 1057 argute
1152 986 1356 1057 procidentem,

134 1080 254 1118 sumum
276 1071 336 1116 tota
361 1062 542 1146 integerrima.
584 1059 738 1116 Inuolucrt
758 1077 903 1130 squamae
925 1057 1019 1129 paullo
1047 1055 1201 1113 obtusiores
1226 1073 1307 1126 quam
1330 1059 1356 1110 in

134 1132 326 1204 praecedente.
372 1131 509 1202 „Ligulae
531 1130 703 1184 violaceae“.
749 1129 921 1191 delineata,
946 1128 1054 1198 flores,
1081 1128 1306 1200 receptaculum
1330 1136 1357 1182 et

136 1203 227 1256 omnia
245 1201 351 1270 reliqua
369 1201 451 1272 plane
469 1201 565 1255 eadem
583 1218 617 1254 ac
635 1201 662 1253 in
682 1199 888 1270 Bracbpcome
906 1199 1092 1268 lanupr'uoca.

209 1271 276 1328 oos.
299 1271 321 1325 l.
349 1271 379 1324 ln
398 1272 477 1325 unico
496 1270 643 1341 specimine
661 1269 718 1325 vidi
736 1269 869 1323 acbaenia
888 1268 1004 1339 plurima
1022 1265 1085 1320 binc
1103 1267 1223 1336 margine
1241 1266 1355 1335 calloso,

135 1344 254 1414 integro,
271 1341 345 1395 illinc
364 1343 484 1463 marqine
502 1342 594 1407 alato,
613 1349 741 1412 crenato,
760 1339 851 1393 ciliato
870 1339 1017 1405 instructa,
1036 1334 1176 1390 schaeniis
1190 1335 1355 1391 normalibus

135 1421 190 1466 tum
209 1413 277 1466 disci
296 1421 352 1466 tom
370 1412 430 1465 radi
458 1410 630 1465 alternantia.
649 1440 684 1450 -
703 1409 788 1464 Estne
813 1408 907 1463 forsan
926 1408 972 1462 ala
988 1407 1197 1461 membranacea
1213 1405 1240 1458 in
1256 1405 1355 1460 aeliae·

153 1483 170 1496 ··
294 1482 307 1520 a

135 1498 186 1538 nm
204 1481 319 1607 [lgm.
356 1551 512 1622 specimina
530 1549 650 1604 herbarii
667 1549 745 1604 neon
764 1549 887 1606 Berolin
906 1549 1070 1616 authentica,
1089 1561 1254 1618 quamquam
1272 1546 1356 1598 omni-

134 1622 185 1675 bus
205 1619 343 1693 partibus,
361 1620 487 1691 capitulis
507 1621 639 1690 exceptis,
659 1592 743 1691 duplo
761 1620 819 1674 iere
837 1619 953 1690 majora,
972 1627 1104 1674 anostra
1141 1616 1216 1671 lanta
1234 1631 1287 1668 non
1306 1613 1355 1668 dii-

134 1689 231 1745 ierunt.
267 1689 293 1743 E
312 1689 435 1742 caulibus
454 1689 591 1744 sterilibus
610 1691 672 1743 anni
692 1691 847 1760 praeteriti,
871 1692 899 1744 in
917 1688 1110 1760 speciminibus
1153 1685 1290 1739 reisslanis
1308 1687 1355 1739 ad-

134 1759 188 1812 lruc
207 1759 323 1812 residuis
340 1759 408 1811 satis
425 1774 562 1828 superque
580 1766 666 1828 patet,
684 1760 806 1830 plantam
825 1760 947 1814 adultam
964 1759 1049 1814 multo
1064 1757 1221 1828 rigidiorem
1234 1763 1260 1808 et
1277 1755 1355 1810 altio·

135 1845 193 1882 rem
216 1845 361 1882 evasuram
384 1826 477 1880 tuisse.
520 1825 674 1882 Aebacnio
696 1829 777 1898 plane
802 1830 896 1885 eadem
921 1847 954 1883 ac
979 1831 1004 1883 in
1030 1837 1125 1882 nostra
1146 1825 1256 1898 plania,
1284 1833 1311 1879 et
1328 1825 1355 1879 in

135 1899 212 1952 disco
232 1898 372 1953 euidenter
390 1896 496 1963 ciliatu,
515 1895 564 1949 sed
582 1897 732 1952 immatura.

134 2013 166 2079 6·
219 2016 552 2116 Brachycome
579 2013 805 2087 radicans
841 2017 960 2080 Steetz.
991 2015 1208 2102 glaberrima,
1242 2014 1355 2079 radico

218 2100 399 2167 multicaulr
426 2097 637 2178 stolonriera,
669 2099 821 2166 caulibus
848 2099 1104 2251 scapiformibus
1131 2100 1206 2165 basi
1231 2096 1357 2165 loliatis

220 2188 317 2272 apice
344 2185 441 2250 nudis
467 2184 736 2269 monocephalis,
767 2185 857 2252 loliis
884 2186 1050 2271 congatis
1070 2183 1253 2252 linearibus
1273 2184 1355 2248 inte·

219 2272 371 2357 gerrirnis
398 2269 455 2336 vel
481 2268 559 2335 hinc
586 2270 662 2335 inde
682 2270 806 2337 lacinia
825 2291 892 2336 una
913 2270 1063 2337 alterave
1083 2269 1202 2337 lineari
1223 2268 1355 2371 praedi-

218 2357 278 2437 tis,
309 2355 472 2422 involucri
493 2356 640 2440 squamis
662 2356 772 2422 ovatis
798 2354 1051 2434 obtusiuseulis,
1084 2355 1258 2422 schaenirs
1278 2355 1355 2418 sub-

219 2441 421 2526 compressis
453 2441 608 2506 obovatis
640 2442 787 2526 margine
814 2442 943 2527 integro
973 2440 1145 2507 cono'olori
1172 2439 1271 2505 matis
1305 2438 1356 2503 la-

219 2527 334 2593 ciebus
354 2523 635 2610 longitudinalitcr
656 2525 794 2590 sulcatis
814 2547 927 2610 pappo
948 2535 1063 2592 setoso
1092 2524 1188 2591 brevi
1215 2543 1356 2589 corona-

217 2611 261 2676 tis
283 2609 527 2696 glabriusculis.
583 2634 589 2639 ·

204 2714 231 2762 ln
255 2715 349 2776 region.
374 2715 487 2764 interior.
511 2713 649 2763 Austrailac
669 2713 823 2764 meridional.
846 2715 925 2764 occid.
961 2715 1039 2764 Herb.
1062 2715 1154 2766 Preiss.
1173 2714 1226 2762 sine
1245 2714 1294 2762 No.
1330 2716 1355 2764 ln

133 2785 213 2834 insula
237 2797 285 2832 ran
309 2785 410 2832 Diernen
433 2783 481 2844 leg.
506 2781 536 2832 cl.
560 2785 641 2832 Gonu.
687 2785 763 2834 lietb.
788 2785 911 2834 Gannian.
934 2785 983 2836 No.
1007 2784 1068 2836 ela.
1112 2784 1168 2834 Vidi
1191 2785 1306 2836 siccatam
1330 2787 1354 2833 ln

132 2854 248 2904 herbario
266 2853 406 2920 amicissimi
425 2852 455 2900 el.
474 2852 624 2904 Zuccarinii.

204 2935 305 2991 Planta
323 2938 350 2991 in
368 2936 437 2990 locis
456 2951 530 3006 aqua
547 2933 685 2989 inundatis
698 2943 763 2990 nata
775 2937 892 2992 videtur.
904 2967 940 2976 -
954 2937 1027 2992 'lota
1038 2938 1202 3010 glaberrima
1220 2939 1274 2991 irno
1292 2937 1355 2992 sub·

134 3007 264 3079 esqritulo.
302 3006 408 3062 Radia
426 3005 548 3061 stolones
565 3005 736 3074 radicantes,
755 3008 950 3078 semipedales,
968 3009 995 3063 in
1018 3009 1125 3064 caulem
1146 3007 1356 3063 adscendentem

134 3077 308 3133 terminantes
326 3078 390 3150 agit.
430 3075 530 3132 Cauiis
548 3084 635 3144 teres,
654 3078 783 3146 striatas,
800 3077 871 3132 inira
888 3078 1014 3147 foliatos,
1038 3095 1123 3151 supra
1141 3077 1256 3132 medium
1275 3078 1320 3132 lon
1341 3095 1355 3132 e

132 3149 235 3215 nudus,
253 3145 309 3200 b·9
348 3147 469 3202 ollicnris
488 3154 515 3201 et
533 3145 613 3200 ultra.
640 3145 729 3202 Folio
747 3147 874 3217 flaccida,
893 3159 929 3217 ct,
948 3159 977 3203 ut
994 3150 1112 3216 videtur,
1129 3150 1184 3204 ima
1202 3165 1219 3202 a
1239 3166 1275 3203 ua
1292 3095 1355 3204 sub·

133 3235 242 3286 mersa,
273 3237 310 3272 ra
333 3218 426 3275 tealia
454 3215 593 3284 conferta,
619 3217 740 3285 sensilia,
770 3219 1064 3290 semismplcxicaulia,
1091 3227 1205 3292 anguste
1220 3165 1355 3286 (linearia,

134 3289 289 3356 uninervie,
317 3305 402 3344 nervo
424 3287 518 3342 valido
543 3286 650 3356 albida,
679 3289 757 3358 apice
781 3290 956 3412 utplurimum
980 3291 1087 3358 divisa,
1114 3291 1131 3344 i.
1158 3307 1180 3345 e.
1205 3288 1306 3344 lacinia
1323 3291 1354 3344 li·

133 3360 208 3412 ueari
227 3357 290 3413 hinc
306 3359 366 3414 slve
385 3357 510 3427 utrinque
548 3358 669 3424 caedito,
691 3358 743 3408 l-i
762 3361 809 3429 pol
821 3361 920 3426 icaria,
946 3361 1068 3416 ocultae
1091 3358 1147 3410 Μ
1165 3360 1284 3427 alterna,
1313 3376 1355 3416 re·

133 3438 223 3495 mota,
241 3428 384 3496 breviora,
408 3427 434 3496 'lq
445 3431 475 3478 -Ι
496 3376 655 3498 polliceris,
674 3428 855 3498 integerrimo.
895 3429 1067 3502 Capitulum
1085 3429 1243 3495 terminale,
1261 3429 1355 3484 solita·

133 3497 211 3564 riusa,
225 3496 479 3570 Beiltdepereuui
489 3497 583 3567 paullo
595 3497 691 3567 majus.
711 3495 864 3554 involucri
872 3515 1016 3570 squamae
1027 3496 1230 3564 subbiseriales‚
1244 3508 1354 3568 ovatae,

134 3566 355 3635 obtusiusculae,
374 3567 454 3637 apice
471 3565 586 3636 pulchre
603 3569 944 3639 purpureo-marginatae,
964 3577 1101 3623 caeterum
1119 3566 1233 3634 virides,
1249 3568 1298 3621 vix
1318 3571 1354 3622 ci·

131 3635 231 3701 llatae,
253 3635 301 3702 2½
322 3635 366 3690 lin.
385 3637 499 3706 longae,
518 3635 617 3690 lineam
636 3637 744 3690 circiter
763 3638 846 3692 letae.
885 3636 1013 3708 Lipulae
1030 3652 1208 3703 numerosae,
1227 3653 1261 3690 ex
1280 3639 1354 3692 sicco

131 3705 275 3760 violaceas
292 3704 337 3758 vel
355 3705 463 3759 albidae
477 3704 612 3758 videntur.
650 3704 805 3760 ricbercto
816 3706 1065 3773 maturaobovcta,
1083 3705 1215 3772 brunnen,
1233 3709 1354 3778 margine

132 3781 258 3845 augusto,
271 3773 492 3845 subcompresso‚
505 3771 645 3826 concolori
655 3774 740 3842 alate,
753 3774 830 3828 disco
846 3775 955 3828 elevato
966 3773 1013 3828 lon
1032 3774 1196 3828 itudinaliter
1209 3774 1225 3826 3
1237 3775 1354 3841 sulcato,

33 3900 36 3909 ,
132 3861 186 3899 ιιοιι
204 3859 373 3944 compresse,
391 3859 485 3913 pappa
502 3842 588 3904 brevi,
607 3850 700 3896 setoso
720 3843 792 3911 albo,
812 3852 958 3910 coronata,
977 3792 1074 3915 glabre
1092 3845 1138 3898 vel
1154 3843 1291 3898 levissime
1309 3861 1352 3900 ru-

132 3914 244 3987 gulam,
273 3915 295 3979 l,
316 3911 360 3968 lin.
380 3912 475 3982 ionga,
493 3911 659 3966 semilineam
677 3911 723 3966 vir
743 3910 807 3968 luta.
844 3912 962 3983 Reliqua
980 3915 1070 3968 omnia
1089 3923 1117 3968 ut
1135 3914 1162 3968 in
1181 3929 1288 3984 genere.
