3100 4860
550 263 929 337 *bib-

10 421 14 520 s
126 469 244 518 cavum
266 472 297 515 v.
320 469 507 517 convexum
527 470 557 517 v.
582 449 691 515 medio
712 457 949 527 mucronstum‚
969 448 1077 514 rarius
1100 458 1350 518 rostrato-acu-

13 595 17 606 .
125 538 295 611 minatum3
329 545 385 599 aut
406 533 578 601 temninaie
601 533 970 619 depresso-capitatum
991 555 1024 598 v.
1047 534 1208 599 conicum.
1252 537 1350 600 Folli-

126 625 218 684 calae
240 620 415 686 coriaceus
435 640 467 684 v.
491 618 659 705 lignosus,
682 638 842 698 cernuus,
863 618 1221 697 ventricoso·ovatus‚
1242 621 1351 685 rarius

125 703 516 790 compresso-oblongus
537 724 569 770 v.
591 702 828 790 subglobosus,
849 712 1061 770 mucronatus
1073 725 1104 770 v.
1115 705 1251 788 saepius
1263 703 1350 790 stylo

125 800 194 857 toto
216 799 399 869 rostram,
426 789 535 855 laevis
556 809 589 854 v.
609 789 849 856 verruculosus
869 810 900 853 v.
923 788 1157 868 subcostatus‚
1185 787 1350 866 l-valviS,

125 876 383 959 2·l-spermus.
430 875 562 938 Semina
589 883 644 940 aut
673 873 786 940 ovalia
811 883 928 956 aptera
955 895 988 938 v.
1011 873 1260 958 submerginata
1282 873 1351 958 api-

124 980 232 1045 caque
255 959 450 1025 brevissime
473 959 580 1037 alata,
604 969 661 1025 out
681 958 947 1026 suborbicuiaria
967 957 1110 1044 undique
1130 957 1230 1024 latius
1252 957 1350 1023 alata.

166 1110 169 1116 .
195 1060 336 1128 Frutices,
364 1062 455 1115 rarius
478 1059 633 1116 sutirutlces
649 1079 676 1117 v.
695 1061 825 1129 arbores,
853 1061 932 1132 pilis,
958 1061 981 1116 si
999 1060 1114 1129 adsunt,
1141 1059 1230 1115 aredio
1249 1059 1349 1117 allisis.

127 1129 215 1187 Folia
233 1147 333 1202 sparsa
351 1130 449 1201 plana,
477 1130 595 1186 indivisa
612 1149 639 1186 v.
657 1133 788 1203 pinnatim
805 1129 915 1200 lebeta,
941 1129 1107 1200 marginibus
1130 1131 1291 1202 saepissime
1309 1147 1350 1185 re·

124 1202 223 1256 voluta
239 1218 267 1256 v.
285 1199 420 1269 refracta,
446 1217 519 1256 nune
543 1217 577 1255 an
597 1203 748 1269 ustisslma,
776 1203 932 1271 nunquaml
959 1217 1026 1256 rere
1050 1201 1162 1268 teretia,
1190 1201 1352 1256 stomatlbus

23 1284 27 1290 ·
124 1271 298 1342 bypogenis,
325 1271 415 1325 rarius
441 1289 484 1324 arn
505 1217 619 1343 bigerds.
665 1271 796 1328 Recenti
815 1288 887 1326 nunc
912 1270 1032 1356 elongati
1056 1269 1242 1342 spiciiorrues,
1268 1270 1350 1326 inter·

125 1341 189 1395 dum
215 1339 330 1408 ramosi,
358 1332 428 1394 nirnc
451 1289 605 1396 abbreviati
630 1341 787 1414 corymbosi
808 1359 835 1396 v.
859 1339 1097 1408 iascicubiormea,
1125 1341 1296 1410 terminales,
1324 1357 1350 1395 v.

124 1411 275 1480 axillares,
308 1411 450 1465 rarissime
473 1409 599 1480 juniores
623 1412 789 1468 involucrati
813 1410 1040 1479 strobiiiiormes,
1068 1409 1212 1482 pedicellis
1239 1411 1351 1483 geminis

124 1487 204 1546 (raro
222 1481 347 1553 pluribus
364 1497 392 1536 v.
412 1481 555 1548 solitariis)
578 1482 692 1552 paribus
716 1481 891 1536 iascicullsve
912 1481 1028 1538 bractea
1052 1481 1133 1534 unice
1154 1480 1273 1536 decidua
1297 1478 1351 1535 sui'·

124 1549 215 1619 luitis,
234 1550 350 1606 iloribus
368 1551 541 1618 rubicundis,
559 1552 650 1606 rarius
669 1551 752 1607 ilsvis
769 1569 796 1608 v.
815 1551 898 1620 albis,
923 1552 1058 1608 interdum
1076 1550 1186 1620 oblique
1204 1551 1320 1606 insertis.
1431 1590 1435 1598 ,

199 1632 266 1688 oss.
287 1631 310 1686 l.
346 1631 512 1689 Grentlleoe
529 1649 630 1704 genus,
648 1633 730 1703 quale
748 1632 793 1686 bic
811 1632 1067 1704 comprehenditur,
1086 1631 1198 1703 calyce,
1215 1634 1351 1705 stigmate,

123 1701 249 1758 folliculo
266 1703 424 1772 seminaque
442 1701 517 1757 baud
535 1703 622 1756 miuus
641 1718 721 1772 quam
740 1701 834 1756 itabitu
853 1711 909 1758 tam
925 1703 1021 1758 tuias
1038 1702 1125 1756 induit
1141 1702 1259 1772 formas,
1278 1713 1307 1758 ut
1325 1705 1351 1757 iu

124 1773 214 1846 plura,
220 1772 318 1894 primo
328 1772 425 1826 intuitu
437 1773 546 1843 egregie
560 1771 698 1839 distincta,
711 1773 763 1826 rite
776 1770 911 1893 iacilecpue
923 1771 1097 1827 dividendum
1111 1772 1265 1836 videretur3
1281 1789 1351 1841 quae

125 1859 195 1897 vero
238 1839 403 1910 iderentiae,
432 1858 514 1911 quum
538 1857 589 1912 per
613 1839 717 1894 formas
734 1841 909 1895 intermedas
927 1843 1043 1896 invicem
1061 1849 1136 1895 arcte
1155 1850 1352 1895 connectantur

124 1929 152 1968 v.
177 1912 259 1965 immo
278 1911 390 1996 penitus
416 1909 558 1964 confluant
582 1918 609 1964 et
630 1911 691 1964 insu
714 1926 744 1965 er
767 1925 828 1966 cum
854 1909 1011 1965 dllierentiis
1036 1909 1130 1964 babitu
1149 1911 1287 1981 expressis
1305 1911 1350 1965 vei

124 1999 179 2038 non
198 1980 355 2036 coincidaut
373 1981 418 2037 vel
436 1979 594 2050 hujusmodi
611 1980 804 2050 peculiaritate
827 1988 876 2034 aut
893 1980 968 2034 uuila
986 1987 1034 2034 aut
1052 1979 1148 2034 saitem
1166 1978 1241 2034 baud
1259 1979 1351 2035 stabili

125 2052 271 2106 comitatae
290 2059 318 2104 et
336 2049 515 2105 confirmatae
533 2051 720 2117 inveniantur,
738 2049 846 2122 generis
863 2049 1043 2104 subdivisioni
1061 2049 1179 2118 quidem,
1197 2058 1227 2104 at
1244 2050 1351 2105 minime

124 2121 245 2193 propriis
263 2119 409 2192 generibus
428 2119 578 2174 condendis
597 2119 721 2174 adbiberi
765 2128 868 2173 essunt.
906 2117 1015 2174 Ciprius
1038 2119 1109 2174 euim
1126 2119 1222 2174 iisdem
1240 2117 1367 2174 demon-⁸

123 2199 226 2246 stratur
244 2191 352 2276 pencris
371 2194 487 2254 enitor,
507 2208 528 2245 s.
547 2207 574 2244 v.
593 2208 630 2259 a,
650 2206 731 2260 quam
744 2139 976 2260 beterogenettas.
1014 2189 1123 2245 Genera
1141 2190 1255 2262 propria
1271 2205 1350 2258 vero,

124 2278 197 2332 quae
215 2261 262 2315 alii
279 2260 374 2315 lorsan
392 2261 488 2315 iisdem
506 2269 697 2331 superstruere
721 2259 908 2329 conabuntur,
935 2259 1142 2316 characteribus
1161 2257 1350 2315 artificialibus

124 2350 159 2387 ac
182 2331 354 2388 naturalibus
378 2329 579 2386 sufficientibus
602 2329 742 2402 iirmisqne
766 2347 854 2401 aeque
879 2331 1019 2386 carebunt.
1067 2329 1257 2386 Anadentom
1279 2373 1297 2400 „
1317 2347 1350 2385 ro

124 2402 213 2457 altera
235 2403 358 2456 sectione
381 2403 427 2456 vei
450 2401 603 2473 subgenere
629 2400 795 2458 Greotllece
817 2401 909 2473 potius
933 2417 1014 2471 quam
1037 2417 1137 2472 genere
1155 2401 1284 2456 diverso“
1298 2349 1350 2455 ba·

124 2473 242 2528 bendum
260 2489 338 2541 esse,
356 2473 417 2544 ipse
431 2471 492 2543 jam
510 2472 663 2527 declaravit
681 2471 732 2528 cel.
750 2469 908 2598 Βιοιιιιὲῗ

124 2543 341 2612 triieraatam).
377 2541 566 2597 intercedente
583 2541 708 2598 nimirum
727 2542 848 2597 sectione
909 2557 1038 2615 nopyne,
1063 2541 1107 2594 cui
1125 2540 1222 2597 eadem
1240 2541 1349 2612 stigma·

124 2614 160 2668 tis
178 2612 281 2682 iorme,
299 2613 348 2667 llla
366 2629 427 2666 cum
449 2611 598 2669 Grentllaa
615 2613 765 2668 arctissime
783 2620 994 2680 concatenatur,
1022 2617 1050 2664 et
1072 2617 1219 2682 praeterea
1236 2610 1348 2682 glandu-

124 2684 169 2740 lae
187 2683 224 2754 by
245 2699 354 2755 ogynae
371 2681 496 2739 delectus
514 2683 541 2738 iu
558 2682 696 2740 nonnuliis
714 2682 812 2738 dubius
829 2689 880 2738 est.
916 2679 957 2736 M
1014 2679 1089 2736 lesia
1107 2679 1169 2736 deal
1190 2697 1237 2750 ue,
1256 2695 1349 2752 quarn·

124 2753 167 2808 vis
185 2703 279 2808 hadita
297 2753 431 2824 peculiari
449 2761 477 2808 et
495 2754 568 2825 stylo
586 2761 724 2808 strumoso
742 2753 854 2824 insignis
895 2767 960 2806 secu
1001 2768 1044 2805 um
1071 2749 1144 2806 metir
1183 2751 1349 2807 inaturalis

125 2823 260 2894 priucipia
278 2823 404 2894 generice
423 2841 453 2878 se
474 2824 550 2878 arari
566 2840 622 2878 non
640 2823 735 2892 debet,
754 2839 836 2892 quum
854 2793 918 2878 binc
935 2822 1068 2894 stigmatis
1085 2821 1177 2876 indole
1195 2837 1256 2876 cnm
1274 2821 1349 2876 Seot.

126 2891 291 2966 Conoppne,
310 2891 374 2948 inde
391 2841 507 2949 floribus
526 2891 674 2964 habituque
693 2909 753 2947 corn
775 2891 825 2948 Gr.
844 2891 1060 2964 manpleetotde
1076 2899 1172 2946 nostra
1189 2891 1244 2957 (cui
1261 2891 1350 2963 stylus

909 2471 984 2542 uppl.
1001 2487 1066 2542 pag.
1083 2468 1127 2524 tt.
1147 2471 1240 2526 adnot.
1258 2471 1295 2526 ad
1315 2469 1348 2526 G.

125 2972 151 3018 et
169 2965 203 3018 sti
223 2979 268 3017 ma
288 2959 455 3020 Grecillcae
471 2964 631 3035 genuinaei)
651 2964 759 3018 omnino
778 2963 930 3018 conveniat.

196 2979 263 3088 des.
283 3031 309 3088 l.
346 3033 490 3088 Sectiones
508 3033 554 3088 bic
572 3033 774 3092 enumerandae
792 3049 886 3090 omnes
904 3033 1041 3104 pertinent
1059 3032 1096 3086 ad
1109 3031 1224 3104 primam
1241 3031 1349 3101 generis

125 3105 224 3160 seriem
242 3101 474 3177 (Apbanoptera
489 3104 570 3174 nob,
597 3103 721 3160 iollicuio
745 3104 889 3171 coriaceo,
918 3103 1037 3158 ovoideo
1060 3119 1086 3158 v.
1113 3101 1250 3171 oblongo,
1276 3100 1349 3172 stylo

123 3175 283 3246 plerumque
301 3181 360 3228 toto
378 3175 560 3300 stigmatepue
578 3184 698 3231 rostrato
717 3192 744 3230 v.
764 3173 898 3242 caudato,
925 3173 1072 3228 seminibus
1096 3171 1222 3226 ovalibus
1247 3171 1350 3242 apteris

124 3261 150 3300 v.
169 3244 360 3316 augustissime
377 3261 436 3298 mar
455 3245 537 3300 inats
554 3247 689 3317 apiceque
707 3245 866 3300 brevissime
885 3244 987 3310 alatis).
1024 3241 1068 3298 Ex
1088 3243 1177 3298 altera
1194 3241 1265 3296 serie
1284 3240 1349 3312 (Cpr

123 3315 258 3388 cloptera
275 3311 378 3383 aba,
397 3261 521 3371 foldonio
539 3315 557 3370 li
598 3333 662 3385 oso,
681 3315 867 3382 subrotundo‚
895 3314 959 3386 styli
976 3313 1037 3369 basi
1056 3321 1160 3367 tanturn
1178 3321 1349 3379 mucronato,

123 3384 269 3440 seminibus
295 3384 495 3440 orbicularlbus
518 3333 636 3457 undique
661 3387 742 3441 alatis
781 3386 827 3440 vix
849 3385 904 3438 ulla
928 3383 1036 3455 speeies
1054 3383 1080 3436 ln
1098 3381 1181 3435 Nora
1202 3380 1347 3434 llollandia

123 3455 309 3524 entratroplea
327 3471 453 3512 crescere
470 3454 588 3512 videtur.
