3110 4856
487 1707 1196 1836 rnnnnnrto'

649 2037 929 2047 -..um—.—

177 2230 480 2370 liudovtoue
502 2277 690 2360 Prelsfl,
711 2277 837 2344 Philas.
859 2279 931 2360 Dr,
953 2280 1004 2345 vir
1030 2279 1255 2362 clarissimus,
1276 2303 1405 2350 suuuuo

177 2413 435 2498 investigandae
452 2414 788 2498 perscrutandaeque
810 2425 954 2480 naturae
975 2414 1086 2480 studio
1109 2427 1307 2496 commotus,
1327 2429 1405 2484 ante

179 2545 308 2632 aliquot
335 2567 462 2626 annos,
494 2545 644 2612 adhibita
671 2545 856 2630 llamburgi
886 2547 1036 2632 diligenti
1065 2551 1343 2633 praeparatione,
1371 2553 1405 2615 in

177 2679 423 2744 occidentalem
449 2689 482 2742 et
506 2677 989 2743 meridionali-oceidentalem
1019 2677 1269 2746 Australasiam
1300 2684 1403 2766 proli·

180 2777 460 2876 oisoi'constituit.
491 2810 593 2883 Quod
606 2809 670 2873 iter
688 2807 863 2875 laboribus
886 2821 919 2875 et
940 2809 1195 2876 difficultatibus
1217 2813 1402 2898 impeditis-

178 2945 296 3010 simum
326 2963 427 3028 quam
442 2957 622 3028 ¹prospero
651 2963 819 3010 successu
842 2935 1037 3028 persederit,
1067 2946 1170 3011 rebus
1190 2947 1403 3014 naturalibus

177 3099 195 3142 e
212 3078 407 3144 Preissiana
430 3076 632 3143 collectione
647 3077 680 3142 iu
696 3097 815 3144 musea
828 3077 1004 3146 translatis
1020 3080 1104 3145 satis
1119 3083 1291 3167 probatur,
1313 3101 1402 3165 quae

175 3212 312 3277 illorum
332 3232 511 3297 corporum
532 3210 745 3292 naturalium,
765 3232 854 3297 quae
873 3213 1018 3279 antehac
1040 3235 1121 3280 rara
1135 3236 1154 3280 e
1169 3215 1343 3281 Britannia
1359 3219 1403 3282 ad

162 3367 239 3414 ‘nos
268 3347 415 3432 migrare
445 3347 618 3426 solebant,
644 3367 733 3412 nuno
758 3365 865 3431 opera
891 3349 965 3433 ejus
995 3331 1127 3433 copiam
1148 3369 1216 3414 uon
1243 3349 1401 3434 exiguam

175 3481 360 3564 possident.
396 3481 522 3554 Quanti
543 3482 587 3546 ad
611 3500 695 3545 vero
720 3478 872 3546 thesauri
897 3482 1093 3562 botuuicen,
1126 3503 1214 3567 quae
1240 3489 1314 3548 siue
1341 3483 1400 3548 du·

175 3614 229 3680 bio
259 3614 419 3701 imprimis
454 3617 496 3678 ab
523 3634 564 3679 eo
592 3615 708 3699 adjuta
736 3624 769 3678 et
796 3627 898 3681 aucta
925 3626 994 3695 est,
1026 3634 1069 3679 ax
1093 3613 1161 3679 hae
1188 3616 1400 3700 expeditione

172 3748 452 3828 redundaverint,
473 3748 530 3812 hio
548 3748 622 3833 ipse
643 3745 731 3811 liber
749 3746 880 3812 videtur
901 3747 1027 3812 testari

258 3880 293 3942 ln
313 3881 484 3968 Europam
499 3879 670 3946 Preissius
693 3899 781 3946 anno
796 3877 1118 3945 MDcccxxxxtl
1137 3900 1299 3948 reversus
1317 3883 1397 3967 quid

69 4013 76 4022 '
174 4013 206 4076 in
222 4011 417 4078 universum
431 4015 550 4081 itinera
572 4035 636 4082 suo
657 4026 862 4081 consecutus
883 4013 926 4079 sit
941 4009 1016 4098 ipse
1030 4026 1242 4093 narraturus,
1264 4013 1397 4100 plauta-

174 4167 259 4225 rum,
275 4166 362 4231 quas
378 4145 582 4232 collegerat,
598 4151 630 4214 in
653 4147 804 4215 notitiam
824 4148 969 4213 onmium
991 4147 1265 4234 perferendarum
1279 4167 1396 4214 auram
1517 4213 1518 4234 2

173 4281 343 4347 mandavit
369 4280 457 4346 mihi.
501 4281 553 4345 Ex
580 4302 720 4364 quarum
746 4282 873 4366 ingenti
895 4281 1121 4363 multitudine,
1149 4301 1236 4367 quae
1262 4279 1319 4346 vel
1341 4301 1395 4346 se·
