3116 4848
601 180 985 252 —212—-u-

267 364 453 445 sessilibus,
476 362 651 449 pcdiccllis
670 361 919 432 bibracteolatis
942 359 1148 441 axilleribus,
1169 360 1309 429 floribrm
1323 383 1404 447 pen·

265 452 412 530 tanneris,
434 450 626 600 stprpinibus
648 448 827 533 puberulis.
855 485 892 498 -
912 447 1008 514 Endl.
1029 447 1063 512 in
1079 445 1197 534 Hrigel.
1216 447 1405 516 Enumerat.

250 537 451 692 luiarigbariaoiis
469 583 545 702 prope
563 639 702 702 oppidulum
721 638 821 701 Albana
839 638 1026 700 (Plautagenet)
1046 636 1070 689 d.
1088 637 1131 689 23.
1143 637 1214 701 Sept.
1226 637 1304 688 1840.
1327 637 1404 688 Herb.

180 713 271 764 Prciss.
289 713 337 762 No.
356 711 442 761 1³³4:
470 711 627 771 (Comparari
646 709 768 772 specimen
786 707 975 772 Higelianuml)

250 795 383 850 Proxima
405 791 599 848 Tetratftcccc
607 791 739 862 jsaccce
756 789 853 846 Smitb.
889 787 988 846 Differt
1005 807 1074 845 vero
1089 792 1177 862 primo
1191 789 1302 846 intuitu:
1321 791 1405 844 ramis

179 867 264 990 napis
287 861 608 934 fallaces-compressis,
634 860 750 915 fioribus
773 861 954 932 pertinueris,
982 861 1085 933 sepalis
1108 861 1204 932 paullo
1226 860 1404 929 acutioribus,

179 945 225 992 ant
245 936 298 990 eris
317 935 456 991 evidenter
473 932 628 1018 puberulis,
652 929 802 1000 tubuloque
821 929 953 986 sntbemse
969 931 1163 1003 longitudinem
1182 938 1331 1000 aequante,
1359 931 1405 1000 qui

178 1009 204 1062 in
227 1006 304 1061 Tetr.
314 1005 429 1075 juncea
447 1002 530 1074 trrplo
548 1001 659 1056 brevior
678 1010 728 1056 est

179 1136 208 1198 ‘2-
264 1130 559 1203 Tetrocnccc
579 1127 774 1215 virgata
798 1126 916 1191 Siccis.
938 1125 1036 1193 caule
1056 1146 1079 1191 a
1094 1126 1167 1191 basi
1183 1147 1329 1206 ramoso,
1350 1149 1403 1192 ra·

263 1218 326 1282 mis
355 1216 514 1283 teretibus
545 1211 674 1279 inferne
702 1211 847 1314 apbyllis
888 1232 1033 1296 superne
1060 1209 1151 1278 foliis
1180 1212 1317 1278 alternis
1345 1214 1404 1278 mi-

264 1302 361 1368 nimis
387 1300 567 1368 linearibus
599 1297 795 1364 brevissrme
824 1295 1027 1381 petiolulatis
1052 1296 1196 1374 vestitis,
1228 1297 1403 1381 pedicellis

265 1387 338 1452 basi
359 1383 573 1452 bracteolatis
593 1381 787 1448 muilier-ibus
807 1380 890 1448 folia
914 1382 1140 1468 corollamque
1159 1383 1403 1465 superantibus

261 1473 400 1538 floribus
422 1469 624 1546 tetrameris,
646 1467 837 1532 staminibus
859 1466 985 1553 glabris
992 1511 1003 1546 ,
1025 1464 1205 1534 blamentis
1224 1467 1403 1552 tubuloque

263 1556 421 1622 antluerae
451 1554 687 1639 longitudinem
715 1562 879 1637 aequante
912 1549 1148 1630 discoloribus,
1181 1553 1296 1619 orario
1328 1575 1402 1618 curn

263 1641 351 1727 stylo
372 1636 572 1706 rectiusculo
593 1638 804 1723 glaberrimo.

110 1783 117 1792 ,
247 1748 274 1795 ln
293 1745 533 1795 limoso-calculosis
551 1743 615 1792 inter
632 1743 734 1790 frutices
751 1743 863 1806 planitiei
880 1743 945 1793 haud
962 1744 1047 1806 procul
1065 1757 1079 1792 a
1098 1743 1199 1806 praedic
1223 1745 1315 1794 rustico
1333 1745 1401 1795 Deru.

178 1817 327 1866 liroclrmaaa
345 1816 440 1877 (Yorlr)
460 1813 483 1866 (1,
503 1813 544 1864 15.
564 1814 620 1862 Oct.
639 1808 714 1864 lese.
750 1807 828 1865 Herb.
847 1813 1103 1870 presentialiter,
1123 1827 1154 1862 ex
1171 1819 1250 1877 parte.

249 1899 403 1956 Fruticulus
427 1896 640 1970 pulcherrimus,
668 1912 786 1968 superne
809 1895 924 1951 floribus
947 1897 1092 1968 purpureis
1116 1897 1280 1952 creberrime
1305 1906 1401 1953 lectus.

180 1971 281 2028 Casiis
298 1969 405 2043 pedalis
424 1979 451 2024 et
470 1969 550 2036 ultra,
570 1986 587 2021 a
604 1965 664 2020 basi
682 1983 816 2021 ramosus.
853 1967 949 2022 Romi
965 1966 1130 2038 glaberrimi,
1147 1969 1273 2040 graciles,
1293 1975 1402 2035 teretes,

179 2043 278 2110 erecti,
297 2042 410 2112 virgati,
430 2039 508 2110 apice
527 2036 710 2105 abortientes,
728 2036 831 2090 inferne
849 2037 969 2108 apbylli,
986 2037 1083 2091 leviter
1100 2039 1231 2109 rugulosl.
1268 2037 1296 2091 F
1297 2039 1357 2094 clia
1375 2038 1401 2090 in

178 2115 321 2185 superiore
333 2126 469 2164 ramorum
484 2119 561 2178 parte
581 2106 697 2170 alterna,
714 2115 833 2171 arrecta,
851 2106 1045 2173 crassiuscula,
1062 2107 1221 2161 brevissime
1252 2107 1401 2173 etiolulata‚

179 2183 299 2236 rnaroine
323 2179 465 2244 revoluta,
493 2172 696 2239 obtusiuscula,
720 2173 835 2226 linearia
878 2171 997 2244 l½·2¹)2
1022 2175 1067 2228 lin.
1094 2176 1140 2228 lca
1159 2193 1191 2243 a,
1222 2126 1314 2241 ΙΣίἰιι.
1333 2177 1400 2242 lata,

179 2225 305 2318 utririque
329 2248 506 2318 glaberrlme,
525 2244 569 2298 uel
588 2257 692 2294 summo
712 2241 791 2312 apice
810 2215 871 2310 piiis
890 2243 1062 2310 paucissimis
1088 2194 1210 2312 rigiiulls
1235 2245 1401 2298 brevissimis

179 2337 234 2373 non
252 2320 302 2371 nisi
320 2317 393 2370 lente
411 2313 566 2382 conspicuis
590 2325 755 2378 conspersa,
781 2309 906 2362 decidua.
943 2308 1092 2364 Pedicells'
1108 2311 1252 2378 exiliores,
1277 2311 1401 2380 solitarii,

181 2387 303 2454 unillori,
322 2381 568 2456 patenti-curvati,
585 2375 742 2446 biformes,
761 2381 840 2450 apice
858 2377 953 2450 paullo
971 2379 1130 2447 lucrassati,
1148 2377 1317 2451 glaberrimi,
1341 2380 1401 2436 basi

181 2598 250 2641 ctiam
274 2596 353 2639 formis
371 2593 544 2650 divergeutibus
568 2593 643 2640 sdlruc
662 2595 784 2652 incognitis
806 2598 899 2639 suctum
916 2599 966 2640 est:
995 2607 1069 2650 quare
1086 2595 1110 2639 iu
1128 2595 1243 2640 sectiones
1262 2596 1401 2641 disturbuere

180 2669 274 2712 coactus
286 2678 344 2709 surm.
370 2664 474 2709 Partinm
486 2663 551 2708 floris
561 2677 679 2722 numerus,
695 2666 741 2710 ism
754 2669 861 2710 mouente
871 2666 901 2710 el.
912 2663 1053 2710 Endliclscrc
1065 2665 1089 2710 iu
1099 2665 1162 2722 frug.
1174 2665 1256 2710 linum.
1269 2678 1323 2722 pag.
1333 2668 1346 2709 ll
1358 2667 1400 2710 sub

180 2752 202 2782 ιι.
215 2737 240 2781 tl
251 2737 320 2780 raldo
336 2737 469 2779 inconstans
487 2737 537 2789 est,
555 2735 655 2792 ideoque
667 2736 834 2781 distributionis
846 2737 930 2780 mslnm
943 2736 1080 2792 principium
1096 2735 1236 2792 suppeditat.
1273 2736 1401 2781 obseruari

180 2808 241 2852 enim
258 2808 283 2850 ia
300 2819 347 2850 una
364 2805 491 2860 eademque
510 2805 589 2861 planta
605 2805 676 2852 fleres
690 2810 829 2850 tcmsmeros
848 2810 872 2849 et
888 2809 1035 2862 peutcmcrcs
1051 2807 1191 2862 promiscue.
1228 2807 1275 2850 Sed
1293 2807 1399 2852 samac-

179 2889 230 2922 rum
247 2877 359 2921 fabricam
377 2881 402 2919 et
418 2879 570 2930 smueturam,
590 2881 672 2921 centn
689 2877 719 2920 cl.
736 2875 902 2922 Endliclreruur
918 2877 935 2921 l.
953 2890 991 2931 e.‚
1009 2888 1100 2932 semper
1116 2877 1186 2922 valde
1203 2880 1346 2922 constantem
1364 2890 1399 2921 rc-

180 2949 244 3004 peri‚
274 2959 350 3002 neque
373 2959 400 2990 en
423 2944 460 2988 bis
484 2945 599 2990 sectiones
622 2947 764 2991 constituere
787 2947 898 2990 dubitari.
934 2947 1065 2991 Filameuta
1080 2947 1216 3002 plerumque
1233 2947 1400 3000 crassinscula,

180 3016 326 3071 brevissima,
344 3017 368 3060 iu
385 3015 454 3059 unica
470 3015 549 3070 specie
566 3015 685 3060 lillfcrmis
702 3021 767 3072 suut,
787 3017 811 3060 iu
828 3017 932 3060 omnibus
950 3029 1001 3060 cum
1018 3015 1117 3061 sutbcra
1132 3017 1249 3061 confisus.
1284 3015 1400 3061 Antberse

182 3088 248 3142 apice
266 3098 358 3144 semper
371 3085 395 3128 in
412 3085 515 3128 tubulum
533 3098 589 3142 poro
605 3087 721 3132 terminali
738 3087 874 3131 imstrmtum
890 3087 1018 3142 productae
1035 3091 1097 3142 suut,
1116 3088 1155 3142 qui
1172 3087 1196 3130 iu
1208 3087 1329 3142 speciebus
1343 3099 1399 3130 orac

182 3155 290 3200 orientali
306 3156 386 3199 Norae
399 3155 539 3198 Hellaurllae
551 3161 574 3198 et
584 3155 675 3200 Terrae
688 3157 739 3201 Vsu
754 3157 850 3200 Dicmen
867 3156 983 3212 indigenis
998 3154 1118 3212 bucusque
1133 3157 1194 3200 notis
1213 3169 1305 3212 semper
1321 3157 1398 3200 brevis

182 3230 228 3282 est,
237 3225 334 3270 floribus
350 3225 481 3268 tetrameris
493 3226 689 3280 praevalentibus.
705 3229 731 3272 lu
743 3227 866 3282 speciebus
875 3238 931 3269 orae
943 3225 1082 3270 occidentali
1090 3227 1215 3282 indigenis,
1233 3239 1302 3282 quae,
1319 3227 1399 3283 paucis

183 3295 293 3351 exceptis,
312 3307 390 3338 omncs
405 3295 455 3337 fere
471 3295 566 3338 floribus
583 3297 723 3350 pentameris
741 3297 853 3352 gaudent,
872 3295 967 3338 tubulus
982 3297 1117 3352 plerumque
1134 3298 1233 3353 longior,
1251 3297 1398 3340 cutberaruru

182 3364 371 3421 longitudinevcl
381 3364 445 3408 illam
457 3375 569 3420 superans
581 3365 725 3421 observatur,
743 3366 764 3409 si
781 3362 954 3412 Tetrntbccnm
973 3363 1073 3422 arr-dam,
1097 3363 1271 3414 ibtratltecum
1282 3363 1398 3424 conserti·

177 3434 271 3495 foliam
283 3439 308 3479 et
324 3431 497 3482 Teirctbecam
518 3431 688 3482 ,Preisst'cnem
704 3435 814 3491 euciplas.
841 3436 893 3479 Non
909 3447 1012 3492 possum,
1030 3437 1084 3492 quia
1094 3449 1168 3492 pauca
1188 3437 1288 3481 referam
1301 3437 1330 3480 de
1345 3447 1397 3479 orn-

183 3507 212 3550 lis
230 3505 254 3549 in
272 3506 349 3550 ovatio
366 3499 497 3548 bilodmsri.
533 3505 569 3550 cl.
587 3505 714 3550 Eudliclrer
730 3507 748 3550 l.
766 3519 787 3550 c.
806 3505 897 3562 siguum
914 3506 1047 3562 gcnericum
1070 3509 1178 3550 constans
1196 3510 1358 3550 commemorat
1373 3505 1397 3548 ln

186 3573 350 3624 Tetrclltecc:
379 3576 454 3620 orma
471 3573 531 3622 blac
548 3576 572 3620 in
591 3577 673 3632 quone
690 3576 781 3630 loculo,
804 3581 828 3619 et
845 3577 869 3619 ln
891 3571 1063 3624 ilemendrn:
1085 3577 1160 3620 Ornis
1177 3574 1310 3632 solitaria,
1338 3573 1398 3632 quod

182 3647 290 3702 equidem
313 3645 445 3689 consentire
468 3657 567 3700 nequeo.
603 3646 755 3690 creberrimis
773 3651 797 3689 et
814 3647 997 3690 accuratissimis
1017 3659 1106 3690 summa
1125 3659 1177 3690 cum
1199 3647 1312 3703 patieutis
1334 3645 1398 3691 insti-

181 3717 238 3759 tutis
255 3713 396 3758 sectionibus
414 3716 544 3759 suariorum
561 3716 710 3771 plurimarum
728 3717 866 3772 specierum,
882 3728 998 3773 nunquam
1016 3717 1085 3760 ovula
1100 3716 1156 3760 bina
1172 3717 1195 3760 in
1205 3717 1283 3761 loculo
1293 3717 1398 3774 reperire

181 3784 238 3830 mibi
255 3785 359 3841 contigit.
393 3785 494 3828 baculus
511 3797 602 3841 semper
619 3787 686 3830 orrrlo
703 3787 822 3842 solitario,
840 3787 901 3843 quod
918 3787 969 3830 sinc
987 3787 1034 3830 ulla
1051 3797 1122 3842 opere
1139 3787 1228 3840 evolvi,
1244 3791 1307 3830 totus
1325 3788 1399 3844 reple·

181 3861 219 3899 tus
238 3859 302 3910 erst3
324 3855 438 3900 abortituc
455 3855 537 3900 forsas
551 3857 668 3901 alternat
705 3859 737 3901 Αιι
754 3857 824 3914 plene
842 3857 927 3901 abacti
961 3856 1013 3900 Non
1031 3856 1116 3909 credo,
1140 3867 1177 3900 me
1201 3857 1330 3902 feliciorem
1348 3857 1399 3901 fore

181 3925 331 3970 mutuando
348 3925 448 3982 plantam
465 3925 541 3969 viram
558 3937 626 3982 quarn
645 3927 744 3983 siccam,
772 3940 844 3972 meua
865 3925 958 3970 madida
980 3927 1062 3969 iterum
1079 3925 1198 3970 mollitam.
1233 3927 1319 3972 Restat
1336 3927 1398 3971 deui-

181 4007 235 4050 que,
253 4001 279 4039 ut
294 4007 370 4054 pauca
387 3996 462 4041 dicam
480 3995 509 4040 de
526 3995 667 4053 indumento,
685 3997 838 4055 impletisque
850 3996 971 4053 speciebus
984 4007 1051 4052 qnam
1062 3996 1159 4041 maxime
1169 3997 1285 4042 variabili.
1313 3999 1398 4042 Occur-

181 4063 213 4108 rit
229 4065 289 4109 cnlm
307 4066 403 4122 saepius
421 4077 467 4110 uus
483 4066 611 4122 eademque
630 4068 721 4124 species
739 4071 787 4113 tum
804 4067 963 4123 tolegium,
981 4069 1029 4110 tnur
1046 4065 1184 4124 pubescens,
1201 4073 1249 4112 tum
1267 4068 1324 4112 setfs
1342 4068 1399 4111 vall-

181 4134 218 4177 dis
234 4137 366 4190 patentibus
382 4135 484 4192 audique
501 4136 585 4181 obsita.
622 4139 670 4182 Nec
688 4139 711 4181 ln
728 4137 786 4193 ipsis
804 4137 885 4181 flomrn
903 4136 997 4192 organis
1014 4136 1170 4182 indumentum
1188 4149 1280 4194 semper
1289 4141 1398 4180 consuas

182 4210 227 4248 cst.
263 4205 391 4250 Obsessum·
408 4207 511 4250 esurium
530 4205 648 4264 glabrum,
666 4207 796 4264 pubescens
815 4209 839 4250 et
855 4207 901 4250 ima
918 4207 1025 4250 villosum
1043 4207 1067 4250 in
1089 4203 1239 4255 Tetralbecc
1257 4203 1398 4266 tlsymr'sclt'c

181 4273 263 4320 Smitb.
300 4277 375 4332 Quum
399 4288 454 4320 raro
476 4276 562 4320 formas
585 4277 663 4322 vsriss
684 4277 708 4320 fu
731 4277 783 4331 ipsa
804 4277 881 4332 patria
898 4276 1009 4332 colligere
1027 4282 1051 4320 et
1068 4277 1193 4321 obseruare
1209 4274 1265 4319 mibi
1283 4269 1328 4317 uon
1346 4286 1397 4316 con·

179 4347 272 4402 tigerit,
299 4357 370 4401 segre
388 4345 495 4400 equidem
513 4359 584 4390 srrsus
602 4359 667 4400 suus,
691 4346 820 4401 specierum
839 4350 863 4390 st
879 4347 1018 4390 serietatem
1036 4347 1120 4390 lirnites
1139 4346 1285 4390 strictissime
1302 4343 1397 4388 circum·

180 4417 297 4472 scribere,
315 4415 375 4460 bene
392 4414 512 4468 conscius,
531 4415 624 4470 singula
641 4415 767 4470 spscfmlss
784 4416 848 4460 sicca
865 4429 909 4460 nou
927 4415 1037 4460 sufficere
1054 4415 1083 4459 ad
1101 4428 1151 4460 rem
1168 4415 1340 4460 absolvendam.
