3110 4850
623 245 722 254 ----
776 197 1006 272 4361-

288 385 358 464 sis‚
395 383 485 452 soliis
516 383 699 454 linearibus
731 383 859 470 glabris
889 381 947 451 vel
978 381 1056 450 hinc
1088 383 1165 451 inde
1197 381 1276 452 laxe
1307 382 1431 469 pilosis

288 471 440 538 omuibus
474 469 634 537 confertis
667 469 953 538 subverticillatim
981 469 1238 554 approximatis,
1271 469 1430 554 capitulis

287 557 320 620 in
344 553 558 621 alomerulum
580 554 882 642 oblongo-ovatum
909 553 1157 640 cylindraceum
1178 551 1270 621 foliis
1291 557 1429 622 summis

287 605 453 705 suiibltum
474 642 578 708 deuse
600 643 806 727 aggregatis,
827 639 990 706 involucri
1011 638 1163 724 partialis
1180 641 1328 726 squamis
1346 661 1428 707 ova·

285 726 328 791 tis
340 724 484 811 hyalinis
496 727 591 811 apice
603 726 825 812 appendicula
841 745 949 811 parva
960 725 1072 810 crispa
1083 723 1289 792 flavescente
1306 728 1426 806 auctis,

284 811 388 896 pappi
409 810 518 895 paleis
540 811 702 879 corollam
723 811 1017 896 subaequantibus.

270 918 298 965 lu
316 917 370 965 riuu
389 918 455 980 regie
474 917 576 980 Georgii
594 918 636 966 111.
655 931 738 966 meuse
756 919 822 966 Nor.
841 917 919 966 1840.
955 915 1032 965 Herb.
1051 915 1141 965 Preion.
1159 915 1209 966 No,
1227 917 1272 964 41.

149 1055 151 1064 ,
269 999 418 1054 Proximus
437 999 545 1069 quidem
563 999 739 1072 Styloncero
758 999 921 1072 numisma,
940 999 991 1054 sed
1009 1008 1083 1054 certe
1102 999 1228 1053 diversus
1247 998 1283 1054 ab
1302 1016 1344 1054 eo.
1371 1000 1424 1055 ro-

200 1071 238 1125 lia
255 1072 325 1124 enim
350 1069 531 1138 consertiora,
557 1070 793 1126 subverticiliatim
811 1073 1017 1142 approximate,
1045 1077 1072 1124 et
1089 1069 1270 1140 capitulorum
1288 1071 1425 1142 glomera-

199 1141 243 1194 lus
262 1139 347 1211 duplo
365 1139 423 1195 lere
440 1139 556 1210 longior,
575 1141 775 1263 egliudraceua
793 1139 957 1209 flavescens,
977 1140 1049 1194 loliis
1068 1140 1179 1194 summis
1197 1157 1252 1194 non
1269 1141 1424 1196 involucra·

199 1221 258 1276 tus,
284 1211 334 1264 sed
353 1210 539 1265 tantummodo
559 1227 590 1263 su
612 1211 698 1281 ultus,
726 1213 814 1283 primo
838 1211 935 1265 iutuitu
960 1212 1062 1282 speciei
1087 1210 1273 1264 diversitatem
1296 1212 1423 1282 probant.

199 1279 392 1352 Appendicuia
409 1280 566 1366 petaioideo
583 1282 610 1334 iu
626 1281 760 1336 involucri
779 1281 905 1352 partialis
916 1283 1037 1351 squamis
1052 1289 1198 1352 praeterea
1209 1281 1304 1352 paullo
1315 1282 1425 1354 longior

200 1353 334 1422 apiceque
351 1368 437 1421 magu
449 1351 542 1422 crispa
554 1361 603 1405 est.
632 1351 728 1416 Foeta,
747 1362 777 1406 ut
795 1352 822 1405 iu
840 1351 965 1406 omuibus
982 1351 1137 1423 speciebus,
1150 1351 1211 1405 basi
1222 1352 1421 1424 semiampleri-

199 1421 304 1490 coalia,
332 1421 493 1489 carnosum,
521 1421 650 1490 linearia,
678 1419 738 1473 6-8
756 1421 801 1478 lin.
818 1422 918 1493 ionga,
947 1431 988 1491 et,
1012 1420 1086 1492 quod
1110 1422 1137 1474 in
1156 1419 1208 1474 irae
1227 1423 1424 1493 speciemagis

199 1509 280 1560 quam
298 1493 326 1546 in
344 1491 460 1546 caeteris
479 1491 676 1562 congeneribus
696 1493 886 1562 conspicuum,
909 1493 988 1563 apice
1005 1508 1136 1546 mucrone
1155 1490 1261 1546 calloso
1279 1495 1424 1548 terminata

199 1569 270 1614 sunt·
307 1560 402 1615 Callus
428 1560 474 1614 iric
498 1561 647 1616 terminalis
673 1562 700 1616 in
726 1561 927 1633 exemplaribus
946 1559 1026 1616 siccis
1045 1562 1139 1630 albus,
1169 1570 1197 1616 et
1214 1561 1341 1617 loliorum
1359 1563 1422 1618 snb·

199 1631 300 1684 stantia
318 1631 426 1699 durior,
454 1627 622 1685 inbrndibulo
640 1632 775 1701 obverso,
794 1633 838 1687 vei
858 1633 1001 1704 calyptroe.
1019 1648 1175 1686 muscornm
1199 1649 1253 1686 non
1275 1633 1423 1702 dissimilia,

193 1699 254 1824 jaqr
277 1701 364 1754 oculis
388 1718 443 1755 non
461 1701 572 1756 armatis
597 1702 768 1758 observatur.
805 1701 911 1758 Floras
929 1712 956 1756 et
978 1701 1126 1758 acdaeuta
1145 1711 1173 1757 ut
1191 1702 1218 1756 iu
1236 1705 1328 1774 specie
1347 1712 1422 1758 ante·

199 1787 231 1826 ce
252 1780 321 1826 ente.

198 1875 229 1944 3.
284 1871 594 1976 §byloneerus
616 1876 900 1948 subaremus
925 1877 1043 1940 Steetz.
1067 1875 1164 1941 caule
1185 1873 1330 1976 simplici
1335 1876 1422 1976 'sub-

283 1959 432 2028 solrtario
454 1963 633 2028 suberecto
654 1961 773 2046 glabro
795 1959 852 2027 vel
879 1961 977 2045 apice
1005 1959 1240 2045 pilosiusculo‚
1272 1959 1362 2027 folus
1382 1960 1422 2025 li·

282 2045 440 2112 nearibus
462 2045 589 2132 glabris
609 2047 666 2113 vel
687 2047 915 2130 superioribus
935 2047 1013 2111 hino
1033 2047 1110 2112 inde
1132 2044 1249 2195 pilosis
1271 2045 1422 2112 omnibus

283 2128 422 2196 alteruis
444 2149 484 2196 su
510 2132 672 2198 erioribus
694 2129 865 2209 confertis,
889 2130 1042 2215 capitulis
1064 2133 1097 2194 in
1112 2153 1133 2216 g
1148 2129 1329 2196 omerulum
1343 2133 1420 2198 sub-

282 2213 459 2364 globosum
480 2153 570 2282 lbliis
599 2217 734 2280 somniis
762 2215 928 2281 suffultum
955 2216 1060 2281 dense
1086 2217 1296 2301 aggregatis,
1328 2217 1420 2282 invo-

296 2301 368 2365 ucri
390 2299 542 2384 partialis
563 2301 710 2386 squamis
729 2301 838 2367 oratis
855 2299 1124 2386 niveo-hyalinis,
1146 2301 1242 2385 apice
1261 2301 1420 2386 appendi·

285 2383 362 2450 cula
387 2383 578 2468 petaloidea
603 2405 711 2469 parma
739 2386 853 2470 crispa
881 2385 992 2452 lactea
1019 2388 1148 2466 auctlS,
1181 2387 1283 2472 pappi
1310 2386 1420 2472 paleis

283 2467 414 2537 corolla
435 2471 566 2538 dimidio
588 2471 805 2538 brevioribus.

268 2578 296 2624 in
314 2578 426 2625 arenosis
443 2583 526 2627 terrae
544 2577 682 2634 inferioris,
700 2590 783 2626 meuse
800 2577 860 2627 Dee.
881 2578 957 2628 1⁸39.
993 2576 1070 2630 Herb.
1089 2577 1179 2630 Preion.
1197 2578 1246 2629 No.
1263 2575 1306 2626 te.

268 2659 400 2715 Cautibus
419 2661 569 2715 suberectis
587 2661 769 2733 simplicibus,
800 2678 850 2716 nec
869 2663 1038 2734 aggregatis,
1065 2661 1151 2716 multo
1170 2659 1365 2734 glabrioribus‚
1392 2669 1420 2714 et

198 2732 351 2803 glomerulo
369 2731 503 2785 terminali
521 2732 703 2855 subgioboso,
727 2731 842 2804 pulchre
864 2733 973 2801 lacteo,
996 2733 1091 2804 plauto
1108 2732 1169 2804 jam
1191 2733 1279 2805 prima
1296 2731 1384 2786 lroate
1402 2748 1420 2784 a

198 2802 395 2874 congeneribua
420 2800 545 2855 facillime
587 2803 745 2874 ignoscitur.
779 2803 932 2858 Praeterea
955 2803 1025 2858 lrauc
1048 2801 1224 2858 differentiam
1249 2801 1421 2856 essentialem
1537 2799 1539 2802 ’

199 2873 360 2929 observavi:
398 2870 551 2928 involucri
565 2891 709 2944 squamae
732 2874 818 2928 multo
843 2873 981 2928 torviores
1006 2881 1032 2928 et
1055 2874 1240 2945 appendicula
1262 2869 1421 2944 petaioldca

197 2943 295 3013 majori
315 2951 413 2997 auctae
431 2951 502 3011 sunt,
521 2960 582 2996 cum
600 2943 653 2998 hac
671 2944 866 3016 longitudinem
883 2917 932 3010 lis,
954 2946 1084 2999 linearum
1105 2944 1263 3013 plerumque
1274 2942 1418 2998 excedunt.

200 3013 337 3067 Corollae
354 3028 463 3081 quoque
481 3013 600 3082 majores
619 3013 716 3085 paleas
734 3015 814 3136 longe
838 3022 984 3083 superant,
1012 3015 1127 3084 denique
1152 3015 1301 3069 acboenr'a
1323 3012 1419 3086 paullo

197 3084 324 3152 longiora
341 3091 368 3134 et
387 3082 548 3150 graciliora,
567 3083 701 3154 apiceque
720 3085 870 3155 paulisper
887 3091 1027 3137 attenuato
1045 3093 1120 3150 sunt,
1146 3101 1294 3154 pappoque
1313 3085 1419 3138 caduco

195 3161 341 3221 strperota3
365 3152 392 3204 in
410 3153 555 3234 speciebus
573 3153 799 3222 praecedentibus
818 3168 927 3221 pappus
939 3154 1087 3220 persistens
1099 3152 1162 3204 mibi
1175 3153 1291 3207 videtur,
1301 3183 1337 3192 -
1349 3155 1419 3224 Spe·

196 3221 295 3274 cimina
313 3235 366 3272 nou
383 3221 435 3272 nist
453 3219 469 3270 i
489 3222 514 3273 in
535 3229 641 3290 promtu
661 3221 759 3287 habeo,
778 3236 848 3288 quae
863 3221 955 3271 omnia
966 3221 1045 3274 caule
1055 3220 1264 3288 simplicissimo,
1283 3223 1419 3291 solitario,

195 3288 341 3344 suberecta
360 3305 375 3341 e
393 3282 487 3343 radice
505 3299 668 3362 assurgunt,
687 3307 722 3344 an
739 3305 807 3343 vero
826 3285 970 3341 character
987 3287 1031 3340 hic
1050 3297 1178 3340 constans
1195 3289 1239 3354 sit,
1258 3291 1419 3356 posteriori·

192 3360 246 3414 bus
265 3359 504 3416 observationibus
523 3357 726 3429 relinquendum
745 3359 804 3411 erit.
880 3365 885 3376 ’

192 3591 780 3687 rHrunooaLrnam
799 3591 960 3684 aeno.
979 3593 1026 3682 a
1039 3593 1172 3684 unu.
1185 3593 1416 3714 Enumpl.

193 3727 438 3847 Higpag.
454 3734 510 3819 61
527 3726 580 3847 *1.
622 3725 754 3816 Endl.
777 3752 878 3845 gen.
898 3754 942 3815 n.
962 3731 1092 3820 2713.
1136 3724 1295 3815 Meisn.
1315 3755 1415 3844 gen.
1531 3813 1548 3840 ‚

191 3864 415 3977 pag-216.
437 3857 579 3976 (136.)
609 3857 710 3948 DC.
724 3857 875 3977 prodr.
891 3856 947 3944 Τ.
962 3864 1004 3950 6.
1017 3887 1122 3977 pag.
1142 3864 1240 3952 15⁰.
1254 3885 1297 3944 n.
1313 3862 1415 3950 518.

195 4025 223 4092 l.
277 4025 695 4118 Pnyltooolymmo
730 4026 1134 4113 micropouiornoo
1167 4030 1283 4093 Beata.
1318 4025 1414 4093 caule

277 4125 389 4182 erecto
417 4113 558 4200 simplici
585 4113 642 4182 vel
669 4133 828 4192 ramoso,
860 4115 961 4180 ramis
989 4113 1149 4180 brevibus
1177 4110 1413 4199 rigidiuseuliS‚

262 4317 280 4364 ’1
299 4315 357 4359 cum
375 4315 406 4359 el.
431 4315 567 4360 Berrtbemio
592 4315 797 4371 Piplloeolyramo
821 4313 919 4370 scripsi,
944 4317 1025 4358 contra
1049 4316 1087 4360 nli.
1112 4315 1264 4360 candolleuur
1287 4315 1312 4356 ei
1334 4310 1412 4356 Erili-

190 4379 300 4438 eborum,
319 4386 358 4440 qui
378 4387 602 4443 PlyltooaIprnmonr
621 4397 696 4441 genus
714 4389 805 4430 uocant
840 4385 929 4429 momen
948 4385 1008 4430 enirn
1027 4397 1078 4431 euru
1098 4383 1242 4449 aalrprpo,
1260 4382 1412 4436 involuerum,

192 4454 342 4509 compositura
361 4455 416 4500 milri
434 4457 534 4502 vitietur.

1531 4365 1548 4428 4
