3068 4856
1008 357 1019 376 Ν

206 473 288 544 longi.
326 467 500 526 Pmiaatbii
515 469 613 525 limbus
632 479 790 540 truncatus,
813 471 911 526 obtuse
929 472 1074 544 repandus.
1113 471 1300 546 squamulae
1317 485 1373 532 tres
1392 477 1431 540 in-

207 543 324 598 terior-es
348 541 468 611 margine
491 541 609 595 ciliatne.
652 539 794 596 Stamina
817 551 843 596 et
870 541 925 596 duo
951 543 1007 597 vidi
1035 552 1062 599 et
1087 543 1158 611 tria,
1188 545 1357 616 longitudine
1403 567 1429 603 e-

206 611 328 682 riantbli,
346 610 492 666 illamentis
509 610 651 666 subulntis.
672 610 836 670 ,Ovarium
854 613 964 682 oblique
982 623 1103 680 ovatum,
1123 631 1322 686 compressunn
1342 565 1431 688 stylus

206 683 328 750 validus,
347 679 418 735 inira
435 681 563 750 stigmata
582 679 750 751 pubescens3
769 687 914 754 rtiqmata
932 683 1004 750 diro,
1028 681 1179 752 filiios-mia,
1205 685 1285 756 apice
1303 703 1428 742 recurva.

210 752 361 809 Utriculua
377 751 464 804 latere
483 767 618 822 rumpens.
656 749 787 822 Embryo
810 751 1024 823 periphericurn‚
1043 753 1167 807 radicula
1185 771 1216 808 su
1240 771 1296 810 cra.
1335 756 1430 828 Calpe

124 821 130 828 '
203 825 325 895 fraeno
341 825 457 876 moturi
473 821 629 889 induratus,
650 817 698 886 l¹s2
716 820 762 878 lin.
781 821 892 894 longus,
911 822 970 877 basi
989 824 1123 891 crassior,
1143 841 1194 880 nec
1212 774 1429 896 alternemus,

206 893 350 948 utriculum
366 892 482 946 liberum
500 889 606 945 luscum
624 889 730 946 lovens.

204 1107 678 1199 CHENOPODIUM
713 1108 846 1198 Linn.
913 1111 1044 1198 Endl.
1082 1141 1183 1229 gen.
1221 1144 1262 1202 n.
1302 1123 1427 1210 19311.

448 1244 606 1332 Meisn.
637 1275 737 1360 gen.
767 1276 871 1362 pag.
901 1251 1002 1336 322.
1034 1246 1175 1365 (231.)

131 1445 132 1448 =
204 1411 233 1482 l.
288 1409 652 1496 chenopodium
682 1407 891 1478 biforme
925 1409 967 1472 N.
997 1411 1429 1492 att112.soliisrimmbeo·¹

288 1496 396 1562 ovatis
418 1495 526 1560 acutis
548 1504 646 1558 acute
666 1493 886 1578 inaequaliter
908 1498 1209 1563 serrato-dentatis
1231 1499 1306 1574 basi
1326 1499 1428 1586 longe

287 1591 429 1644 emieato
451 1579 483 1642 in
504 1577 663 1664 petiolum
684 1579 952 1659 decurrentibus,
985 1581 1110 1646 subtus·
1129 1582 1334 1672 floribusque
1356 1587 1427 1669 pul-

286 1662 481 1743 verulentis,
502 1663 732 1748 superioribus
753 1663 951 1729 lanceolatis
972 1667 1129 1732 remotius
1157 1669 1426 1737 dentato-sema·

287 1751 346 1829 tis,
368 1749 473 1833 spicis
494 1749 687 1833 compositis
707 1747 831 1814 salietis
854 1749 1046 1834 glomerulis
1067 1750 1263 1818 nutritoris.

272 1858 300 1905 ln
318 1855 430 1904 arenosis
448 1869 524 1918 prope
543 1856 705 1913 Poiutrater,
723 1853 813 1912 Parth,
837 1855 899 1904 lulio
919 1869 941 1905 a.
962 1855 1038 1906 1839.
1074 1856 1151 1907 Heri).
1169 1859 1261 1908 Praise.
1279 1859 1329 1912 No.
1349 1861 1426 1910 test.

435 1938 442 1952 .
553 1938 571 1964 ι.
703 1939 710 1954 .
925 1938 932 1953 .

202 1937 392 2082 ambi'g'llrllnn.ta
402 1937 433 2062 113
430 1937 498 2062 tilieti!
500 1936 579 2062 {lirin
589 1937 667 2062 1111ῗὲ1
669 1955 918 2080 ,εῡίιῖἕῖνεξὲἓῗᾶα
926 1947 996 2062 lilii
1010 1937 1108 2080 ὴοιιῗιξζ,
1124 1941 1254 2066 gqtuqqqq
1273 1942 1428 2085 inlapsiaib'piisn

200 2081 261 2136 tula
279 2089 306 2134 et
324 2079 472 2140 ramosior:
491 2077 592 2132 bortrus
610 2077 731 2132 conditio
744 2087 770 2134 et
780 2075 938 2149 magnitudo
952 2080 1070 2146 omnino,
1090 2089 1117 2136 et
1130 2030 1299 2152 pullrisculus
1311 2083 1426 2152 micans,

201 2151 244 2206 itis
258 2159 287 2205 et
307 2167 341 2204 ue
358 2147 430 2202 loliis
448 2147 626 2218 (juvenilibus
640 2150 774 2273 iqqrrimis)
792 2150 1056 2220 inspersusomnino
1068 2151 1135 2204 utin
1150 2151 1338 2237 Gbeaopodio
1349 2153 1426 2209 albo.

274 2219 354 2274 Cea
380 2219 497 2288 adium
516 2235 634 2274 mrum
678 2261 684 2273 .

200 2290 287 2346 dnta“
310 2297 338 2346 et
381 2298 457 2344 entes
481 2305 576 2342 eorum
601 2288 819 2356 „obtusiusculi“
844 2288 1077 2359 describerentur,
1106 2292 1151 2361 qui
1175 2292 1247 2345 sicut
1269 2310 1342 2363 apex
1367 2293 1426 2347 folii

201 2361 276 2416 acuti
299 2375 409 2430 semper
433 2358 459 2412 in
478 2367 575 2414 nostro
593 2365 621 2412 et
638 2357 696 2414 lere
714 2358 860 2413 acuminati
878 2358 1057 2415 inveniuntur.
1075 2389 1111 2400 -
1132 2359 1232 2418 Caelis
1250 2363 1365 2434 simplex
1385 2364 1425 2418 vi·

201 2431 297 2498 detur,
316 2437 462 2502 angustus,
481 2446 498 2482 a
515 2427 576 2482 basi
595 2425 652 2483 lere
670 2427 784 2484 llorens.
820 2425 944 2484 Sanina
961 2427 1061 2486 laevia.

198 2647 539 2740 RHAGODIA
566 2648 705 2738 ner.
733 2645 893 2738 Prodr.
926 2657 966 2742 l.
1003 2679 1108 2768 pag.
1142 2657 1244 2745 4118.
1303 2654 1423 2772 Opp.

200 2785 270 2873 ed.
298 2785 358 2874 N.
379 2783 436 2872 ab
459 2783 518 2871 E.
539 2789 583 2875 3.
611 2791 651 2876 l.
673 2813 779 2900 pag·
802 2783 903 2876 tot.
948 2783 1081 2874 Endl.
1103 2816 1203 2902 gen.
1223 2817 1267 2875 n.
1296 2793 1423 2880 1932.

450 2917 611 3006 Meisn.
642 2917 743 3036 gen.
771 2949 876 3037 pag.
906 2923 1007 3012 321.
1039 2919 1179 3039 (234.)

200 3083 232 3153 1.
265 3083 547 3172 *Rhagodla
567 3085 725 3154 tliolen
754 3086 796 3148 N.
817 3087 856 3147 ab
877 3088 918 3148 Ε.
945 3085 1123 3166 fruticosa,
1157 3096 1289 3162 erecta,
1321 3087 1422 3152 ramis

283 3169 462 3234 inermibus
484 3178 581 3234 acute
598 3168 935 3252 angustato-eostam,
957 3168 1047 3235 loliis
1063 3172 1226 3256 oppositis
1240 3170 1421 3238 altomisve

283 3253 439 3339 oblongis
460 3253 589 3320 obtusis
610 3271 685 3315 cum
706 3253 898 3318 mucronulo
919 3255 952 3316 in
969 3254 1128 3338 petiolum
1150 3257 1328 3322 adornatis
1348 3256 1421 3340 pla·

686 2217 736 2273 Br.
756 2217 839 2272 affine
858 2226 981 2288 potorem
999 2227 1109 2288 nostro,
1139 2221 1189 2275 nisi
1207 2220 1274 2276 lolia
1292 2225 1425 2291 „subcor-
1524 2231 1525 2262 i

282 3339 335 3404 nis
357 3339 485 3423 glaucis
508 3337 625 3402 subtus
646 3333 876 3418 pallidioribus
893 3338 1333 3424 puberum-pulverulentis,
1353 3341 1420 3424 spi·
1523 3401 1525 3410 ,

226 3451 229 3456 ·
285 3425 337 3490 cis
358 3421 582 3489 terminalibus
605 3421 817 3504 compositis,
840 3423 996 3488 masculis
1017 3424 1211 3492 laxioribus.

267 3531 296 3578 ln
318 3529 430 3578 arenosis
453 3527 486 3576 ad
511 3525 609 3574 durium
632 3527 768 3588 Cygnorum
793 3542 869 3590 prope
891 3530 1031 3592 oppidulum
1056 3532 1224 3589 Frecmantic,
1251 3530 1420 3580 Decembris.

200 3597 277 3650 1838.
295 3593 347 3664 (9)
381 3597 459 3647 Heri).
482 3596 574 3648 Preiss.
599 3595 647 3650 No.
674 3597 759 3656 125³,
787 3598 925 3663 ibidemque
943 3599 975 3648 ad
994 3602 1079 3650 littora
1095 3602 1170 3650 naris
1188 3615 1306 3658 arenosa,
1334 3600 1421 3650 eodem

197 3665 472 3732 temporum-1254.
501 3659 526 3721 ἀ

268 3746 405 3820 ‚marea
421 3747 624 3822 bit-perans,
641 3721 874 3817 ramdsisslmus“;
897 3755 980 3807 rantis
999 3755 1146 3810 coarctetis
1165 3753 1327 3822 octanqnlis.
1365 3751 1421 3808 Fo-

198 3823 243 3878 lia
260 3823 288 3906 in
306 3819 330 3885 ῼ
348 3821 511 3906 praesertim
529 3821 668 3906 opposita,
687 3820 955 3906 eidemque-minora,
975 3825 1088 3910 (qnippe
1100 3825 1166 3880 solis
1176 3815 1275 3880 romeis
1286 3825 1314 3882 in
1324 3832 1420 3879 nostro

198 3905 346 3964 specimine
363 3889 500 3959 residuis),
518 3889 551 3944 ti-
564 3891 594 3943 11)
612 3891 658 3946 lrn.
674 3891 759 3964 longe
776 3893 890 3963 bamque
907 3894 992 3965 paulo
1011 3912 1098 3949 minus
1117 3903 1307 3966 coangustata,
1325 3897 1422 3949 maris

198 3960 266 4016 iolla
284 3958 341 4013 iere
358 3959 606 4034 sesqulpolliceria,
625 3980 659 4017 ex
678 3963 798 4034 oblongo
817 3972 933 4020 cuneata
950 3963 1088 4035 pauloque
1105 3965 1193 4018 minus
1225 3964 1422 4032 laucescentia,

198 4031 247 4085 sed
272 4029 342 4084 baec
363 4031 409 4086 vel
433 4032 460 4087 ln
485 4032 582 4090 eodem
599 4032 739 4088 individuo
758 4049 793 4086 ex
813 4050 866 4086 una
884 4032 973 4087 lormc
990 4035 1018 4087 in
1037 4033 1151 4089 alteram
1170 3983 1266 4089 lurlere
1284 4029 1421 4089 videntur.

198 4099 376 4159 Substantia
394 4101 520 4158 loliorum
544 4101 862 4158 succulento-coriacea.
900 4102 1036 4160 Flocculi
1052 4105 1155 4176 exigui,
1178 4105 1252 4160 nudo
1271 4104 1354 4158 oculo
1372 4105 1421 4160 vis

197 4172 339 4256 conspicui
356 4174 439 4228 remis
457 4173 573 4228 novellis
592 4181 619 4227 et
636 4171 708 4227 loliis
726 4181 781 4226 tum
799 4171 946 4228 rlmcbibus
964 4175 1058 4244 spicae
1076 4185 1102 4229 et
1121 4173 1295 4246 perlambit,
1322 4175 1421 4244 magis·

198 4257 251 4310 que
268 4257 296 4298 tu
313 4241 426 4311 semina,
445 4244 561 4316 inspersi
579 4252 650 4298 sunt
686 4242 798 4365 Spirae
815 4243 841 4296 in
860 4243 939 4298 caule
957 4244 1093 4313 ramisque
1110 4245 1279 4312 terminales,
1307 4259 1421 4315 compo-

197 4313 281 4381 sitae,
309 4315 391 4369 ramis
409 4314 580 4385 patentibus,
606 4312 689 4366 maris
718 4303 876 4384 ongloribus
894 4313 1085 4384 gracilioribus
1103 4314 1316 4385 glomerullsque
1333 4315 1423 4385 magis

197 4380 360 4439 diemalibus
371 4383 526 4507 praeditis,
552 4383 687 4454 feminae
703 4377 876 4436 brevioribus
912 4381 1106 4453 lomeroibque
1144 4383 1209 4438 aula
1227 4384 1422 4454 compactiori-

196 4449 353 4508 busminus
390 4453 543 4508 letantibus.
581 4449 731 4505 Braciene
748 4451 848 4506 nullae.
916 4449 1021 4506 lsaclits
1038 4453 1111 4521 quad
1137 4461 1243 4523 quotes,
1261 4453 1289 4506 in
1308 4455 1332 4522 Ω
1351 4451 1422 4508 llos·

197 4521 531 4580 culoso-subtomeutosa.
571 4519 737 4576 diamoron
754 4518 908 4588 l·li·llori‚
925 4520 1168 4577 srtbvertlciilnres.
1206 4521 1423 4580 Perinthiam
1524 4589 1525 4598 ἶ
