3110 4856
749 219 787 264 Vl

156 377 300 441 cundum
320 371 467 438 familias
489 373 642 438 distribui
663 374 753 440 haud
782 377 877 441 brevi
900 345 1060 461 temporis
1082 373 1193 458 spatio
1214 385 1391 457 potuerat,

156 505 258 572 facile
285 506 443 590 cognovi,
474 507 552 571 mibi
579 506 645 572 soli
672 529 758 594 opus
785 521 989 593 suscepturo
1015 507 1106 570 vires
1131 505 1391 592 facultatesque

157 642 200 705 ad
223 639 465 705 examinandas
495 642 809 726 describendosque
833 661 951 706 omnes
973 661 1039 704 non
1063 661 1142 705 esse
1168 641 1389 708 suffecturas,
1483 635 1485 680 ⁵

158 771 302 838 maxime
323 793 425 856 quum
451 773 577 858 publici
602 775 752 840 muneris
775 773 897 839 ciliciis
917 783 987 837 tum
1008 795 1170 858 perquam
1193 786 1387 858 occupatus

159 905 280 984 otium,
317 927 385 989 quo
421 916 548 970 tantum
587 929 674 993 opus
705 907 924 992 perficerem,
958 927 1024 972 non
1053 905 1222 971 haberem.
1280 908 1388 970 Prae-

159 1051 255 1102 terea
270 1037 399 1116 censui,
414 1037 447 1100 in
463 1035 676 1104 illustrandis
696 1050 745 1104 tot
764 1037 890 1125 plantis
905 1039 994 1116 fore,
1017 1050 1053 1103 ut
1076 1041 1258 1125 conjuncta
1278 1059 1389 1124 opera

102 1239 105 1246 ,
160 1172 309 1237 virorum
329 1171 362 1234 in
387 1171 454 1236 hoo
480 1172 616 1256 negotio
641 1182 871 1252 versatorum,
898 1193 1041 1258 quorum
1065 1194 1126 1256 pro
1153 1195 1213 1238 suo
1239 1173 1389 1258 quisque

161 1306 337 1370 commodo
351 1303 499 1370 familias
516 1305 581 1370 sibi
597 1305 839 1371 describendas
860 1304 1019 1389 eligeret,
1041 1324 1108 1370 non
1130 1306 1239 1370 mirrus
1261 1307 1302 1370 ad
1326 1327 1388 1370 au-

162 1440 307 1522 gendam
329 1438 534 1520 doctrinam,
561 1459 662 1523 quam
683 1440 726 1504 ad
748 1461 835 1524 opus
862 1438 1008 1504 celerius
1036 1437 1279 1504 absolvendum
1306 1459 1388 1503 con·

162 1571 274 1639 ferret.
320 1573 418 1646 Quod
451 1571 629 1635 consilium
656 1593 677 1638 a
700 1571 875 1657 plerisque
904 1573 988 1637 viris
1012 1573 1062 1636 rei
1091 1572 1269 1637 botanicae
1298 1573 1389 1656 peri-

162 1705 207 1770 tis
234 1706 334 1770 etiam
355 1715 455 1768 extra
468 1703 553 1770 lines
568 1704 790 1776 Gemanioos
813 1717 866 1774 est
887 1709 1150 1794 comprobatum.
1187 1705 1274 1770 Nam
1288 1725 1389 1789 prae·

163 1850 214 1903 ter
230 1860 291 1905 eos
306 1839 400 1904 viros
415 1839 553 1917 doctos,
576 1857 662 1921 quos
685 1837 759 1923 ipse
775 1840 1012 1919 invitaveram,
1034 1839 1127 1904 multi
1143 1839 1194 1902 rei
1209 1838 1389 1904 herbariae

166 1969 333 2052 cultores,
367 1970 558 2038 Clarissimi
586 1968 727 2038 Prcissii
761 1985 885 2058 rogatu
920 1974 1155 2057 arcessituque
1186 1972 1390 2056 commoti*),
1497 1970 1502 1979 '

165 2129 244 2174 sese
260 2109 412 2191 inopere
435 2105 565 2168 edendo
580 2123 710 2168 mecum
732 2103 890 2172 laborare
905 2105 996 2170 velle
1018 2106 1108 2170 ultro
1126 2103 1278 2190 professi
1301 2118 1390 2183 sunt,

165 2241 213 2306 ita
240 2249 294 2319 ut,
327 2256 529 2322 quamquam
562 2238 726 2322 majorem
756 2237 948 2324 plantarum
976 2249 1123 2324 partem,
1138 2335 1142 2342 ι
1159 2258 1261 2322 quarn
1290 2248 1391 2304 antee
1509 2245 1510 2248 ’

167 2370 425 2440 describendam
451 2367 531 2434 mihi
561 2369 748 2455 elegeram,
774 2371 852 2438 aliis
877 2371 1069 2450 tradebam,
1098 2370 1279 2454 unicuique
1304 2371 1390 2438 satis

167 2508 250 2574 dare
270 2524 337 2574 non
359 2523 506 2588 possem·
550 2503 681 2577 Quibus
705 2504 857 2572 omnibus
882 2504 966 2572 viris
987 2503 1248 2588 spectatissimis
1267 2525 1330 2589 pro
1351 2503 1390 2568 li·

169 2638 344 2708 beralitate
366 2648 399 2706 et
413 2635 652 2704 benevolentia
672 2636 748 2704 mihi
764 2637 931 2718 exhibita,
951 2659 1015 2723 pro
1035 2640 1204 2723 insumpto
1225 2637 1336 2704 studio
1357 2649 1391 2704 et

168 2773 343 2858 diligentia
369 2772 534 2858 plurimes
561 2793 629 2858 ago
659 2773 789 2857 gratias
846 2772 991 2840 Nomina
1014 2771 1072 2838 hic
1097 2791 1296 2838 enumerare
1323 2791 1391 2837 non

168 2903 301 2984 attinet,
322 2902 467 2987 singulis
493 2906 580 2971 enim
602 2908 715 2993 operis
742 2906 911 2992 partibus,
939 2909 992 2972 eui
1020 2926 1170 2972 summae
1195 2903 1288 2970 laudi
1314 2915 1392 2970 sunt

170 3045 203 3102 et
226 3035 358 3118 decori,
382 3037 596 3125 praescripta
622 3042 841 3126 reperiuntur.

255 3169 396 3240 Etiamsi
416 3183 511 3242 certa
533 3175 699 3258 quaedam
714 3174 818 3252 ratio,
840 3193 908 3257 qua
929 3192 1046 3238 omnes
1067 3169 1215 3238 familiae
1239 3171 1392 3236 determi-

170 3316 331 3372 narentur
356 3314 390 3370 et
415 3306 682 3391 explicarentur,
708 3326 804 3374 ame
823 3305 1013 3389 proposita,
1039 3324 1061 3368 a
1079 3303 1220 3386 reliquis
1240 3324 1393 3388 compro-

170 3438 251 3510 bato
265 3447 371 3520 esset,
392 3450 504 3529 tomen
526 3461 548 3508 a
568 3461 622 3506 me
643 3461 710 3506 non
724 3440 831 3525 potuit
845 3437 1009 3523 impediri,
1030 3437 1110 3522 quin
1124 3435 1157 3502 in
1174 3437 1393 3522 expositionis

172 3589 298 3654 genere
320 3571 406 3638 inter
428 3573 584 3658 singrdos
607 3571 866 3640 commentarios
892 3570 1143 3656 discrepantiae
1165 3571 1293 3654 passim
1315 3590 1394 3634 con-

62 3715 64 3760 1
172 3703 313 3788 spicuae
330 3717 456 3770 essent.
481 3705 587 3793 Cujus
602 3706 777 3774 varietatis
799 3726 908 3772 causa
926 3705 1047 3789 partim
1063 3705 1199 3788 quidem
1213 3704 1247 3769 in
1262 3704 1394 3789 ingenio

65 3919 66 3928 ἒ
154 3837 396 3922 ¹singulorum·
412 3839 632 3925 scriptorum,
665 3861 806 3927 quorum
839 3839 898 3906 alii
927 3837 1139 3908 accuratiore
1167 3849 1202 3904 et
1227 3840 1394 3916 uberiore,

66 3953 69 4018 i
173 3970 233 4036 alii
253 3972 445 4042 concisioro
466 3974 634 4047 scribendi
656 3995 781 4060 genere
801 3974 1031 4052 delectantur,
1057 3972 1177 4057 partim
1202 3993 1285 4040 vero
1307 3971 1394 4039 etin

174 4105 416 4190 exemplarium
438 4120 575 4188 notura,
603 4129 691 4194 quae
713 4109 802 4180 baud
829 4129 965 4193 semper
985 4108 1102 4176 eadem
1125 4118 1217 4185 erat,
1243 4114 1293 4170 est
1319 4103 1395 4168 sita.

174 4275 299 4284 n-——a-.
307 4277 327 4282 -
333 4277 349 4282 ..
378 4277 469 4283 -..-.—.
475 4277 543 4283 .......—
549 4279 557 4282 -
565 4277 580 4283 .-

224 4367 239 4412 ·)
254 4365 276 4405 Ιιι
291 4363 467 4418 ephemeridibus
481 4365 557 4408 l'lome
572 4367 621 4410 tota
634 4365 678 4408 rio.
692 4367 723 4408 ³⁴.
