3100 4860
550 259 781 378 -1475
833 303 934 315 --

219 445 387 532 cephalis,
408 442 498 513 soliis
519 443 726 511 liiiiormibus
748 443 999 531 glabriusculiS,
1021 443 1184 512 involucri
1206 446 1353 532 squamis
1387 475 1393 482 ·

219 532 440 598 exterioribus
462 530 638 597 sessilibus
659 531 865 598 brevissimis
893 528 1159 608 rufescentibus,
1191 531 1353 598 antenori-

217 619 280 681 bus
307 617 463 700 stipitatis
488 617 711 694 radiantibus,
743 615 865 680 lamina
893 615 1157 681 intermediamm
1185 618 1352 700 elongata,

217 701 402 766 intimarum
434 701 633 767 brevissima
669 700 854 778 latissima,
891 699 1033 766 omnium
1068 702 1190 766 obtusa
1225 701 1353 778 citrina,

218 785 388 851 acbaeniis
409 785 536 871 glabris
557 785 726 852 levissime
748 783 981 863 tuberculatis,
1002 784 1105 869 pappi
1125 785 1208 851 setis
1227 785 1353 870 pinmo·

219 871 267 935 sis
289 871 363 936 basi
384 870 492 937 niveis
513 871 611 955 apice
632 871 827 936 incrassatis
848 870 984 936 citrinis.

204 977 232 1026 ln
250 977 361 1025 arenosis
379 977 490 1040 planitiei
509 976 541 1024 ad
559 975 657 1026 durium
668 977 788 1038 Canning,
808 975 832 1024 d
846 977 872 1024 2.
885 977 950 1027 Nos.
963 973 1039 1028 18³9.
1057 975 1134 1024 Herb.
1147 976 1238 1025 Praise.
1250 975 1298 1028 No.
1309 975 1341 1023 21

205 1063 230 1114 Α
247 1060 350 1131 speciei
367 1058 554 1114 antecedentis
571 1060 707 1115 varietate
725 1080 752 1126 a,
771 1059 815 1113 cni
826 1057 921 1113 habito
932 1067 959 1113 et
972 1057 1177 1114 characteribus
1190 1060 1354 1130 proximum,

132 1147 189 1186 non
211 1128 301 1185 diflert
324 1129 374 1184 nisi
398 1129 510 1200 ramulis
533 1130 613 1202 apice
631 1127 830 1184 flavo-lanatis
849 1137 878 1185 et
893 1129 1028 1184 involucri
1044 1129 1164 1198 squamis
1181 1128 1276 1200 paullo
1294 1129 1354 1184 bre·

132 1199 258 1256 rioribus
276 1199 530 1268 obtusioribusque‚
555 1199 681 1254 omnibus
699 1198 810 1254 citrinis.
847 1199 940 1258 Quom
957 1214 1025 1254 vero
1044 1199 1175 1254 transitus
1193 1199 1228 1253 ab
1247 1215 1302 1254 uua
1319 1199 1355 1252 ad
1390 1201 1396 1214 “

132 1271 249 1324 alteram
267 1269 357 1325 nullos
376 1269 580 1326 observaverim
598 1270 625 1324 in
643 1269 795 1324 numerosis
813 1269 1022 1340 speciminibus,
1048 1285 1120 1338 quas
1144 1270 1235 1324 omnis
1258 1269 1354 1324 eodem

133 1341 194 1408 die,
212 1342 239 1394 in
257 1340 354 1394 eadem
372 1341 485 1412 regione
503 1339 575 1394 lecta
592 1349 669 1408 sunt,
687 1347 830 1408 utramque
846 1348 976 1463 tauquam
994 1339 1114 1412 speciem
1132 1340 1272 1464 proqriam
1290 1355 1354 1394 con·

132 1410 267 1478 sideravi,
285 1410 354 1465 bene
372 1410 514 1478 conscias,
532 1427 567 1464 cr
585 1409 825 1464 observationibus
843 1409 871 1464 in
888 1418 983 1482 panta
1000 1411 1066 1465 viva
1082 1410 1186 1465 institut
1214 1451 1223 1478 ,
1247 1409 1355 1464 demum

133 1479 233 1552 conjici
250 1497 347 1551 posse,
366 1491 456 1535 utrum
469 1479 508 1534 sit
525 1479 602 1534 iosus
620 1479 723 1552 speciei
741 1479 941 1548 antecedentis,
959 1497 994 1534 an
1012 1497 1075 1535 noo.

132 1617 165 1682 3.
218 1615 527 1701 nelipternm
564 1613 772 1700 simplex
807 1616 923 1679 steen.
961 1616 1185 1694 herbaceum,
1223 1614 1356 1694 humile,

220 1698 316 1765 caule
345 1703 524 1766 suberecta
553 1698 696 1782 simplici
723 1699 819 1783 apice
847 1700 1093 1785 monoeepbalo
1124 1699 1202 1765 laxe
1230 1699 1356 1784 piloso·

219 1782 348 1860 lanato,
382 1783 472 1850 loliis
500 1781 707 1848 filiiormibus
736 1784 987 1868 glabriuscnlis,
1019 1783 1181 1850 involucri
1210 1786 1356 1869 squamis

221 1867 442 1933 exterioribus
463 1865 639 1933 sessilibus
661 1869 820 1934 brevibus
848 1871 954 1934 acutis
979 1867 1243 1946 rufesceotibus,
1276 1869 1356 1933 inte-

219 1952 363 2018 rioribus
384 1951 537 2035 stipitatis
558 1953 773 2030 radiantibus,
793 1953 915 2018 lamina
937 1954 1077 2018 omnium
1099 1951 1256 2037 elongata
1278 1973 1355 2018 acu·

220 2037 346 2101 tissima
367 2037 466 2101 nivea
493 2034 549 2101 vel
572 2047 758 2102 extrorsum
779 2035 905 2121 pallide
930 2056 1048 2114 rosea,
1081 2037 1253 2102 achaeniis
1278 2041 1355 2103 sub-

218 2120 410 2206 papillosis,
443 2121 546 2206 pappi
574 2122 655 2188 setis
686 2120 851 2206 plumosis
879 2122 954 2188 basi
981 2122 1088 2188 niveis
1115 2123 1211 2205 apice
1238 2120 1357 2188 leviter

219 2207 416 2272 incrassatis
437 2207 571 2272 citrinis.

204 2327 232 2375 ln
249 2327 376 2388 uliginosis
392 2327 551 2388 arenosisqne
568 2325 653 2388 sylvae
672 2325 736 2375 band
755 2327 838 2389 procui
857 2328 888 2376 ab
907 2325 1022 2390 oppidulo
1040 2325 1179 2376 Guiidiord.
1198 2325 1221 2375 d.
1240 2327 1283 2376 31.
1296 2328 1356 2389 Aug.

136 2396 214 2446 1889.
250 2397 327 2450 Hcrh.
345 2397 438 2446 Preion.
455 2396 504 2448 No.
524 2397 566 2447 18.
1355 2391 1358 2410 '

203 2491 363 2547 Proximum
383 2491 490 2563 quidem
508 2491 636 2548 varietati
655 2495 680 2557 β.
698 2489 850 2566 Helipteri
870 2491 991 2547 Gotulae
1012 2489 1114 2546 Bentb.
1133 2501 1252 2547 attamen
1275 2491 1356 2546 facile

136 2563 216 2617 distin
236 2563 363 2618 uendnm.
398 2563 513 2617 Recedit
526 2561 585 2632 jam
624 2561 692 2614 rimo
710 2561 786 2615 vultu
806 2562 840 2616 ab
859 2578 905 2616 ea:
930 2561 1008 2616 caule
1026 2561 1228 2633 capituiotenus
1249 2559 1357 2630 foliato,

137 2581 263 2704 capitilis
287 2633 451 2704 majoribus,
478 2632 612 2686 involucri
637 2632 756 2701 squamis
779 2631 946 2688 intermediis
964 2640 991 2686 et
1008 2631 1107 2686 intimis
1125 2631 1356 2703 subaequilongis,

136 2703 314 2771 annosissimis,
341 2711 369 2757 ct
386 2705 472 2825 poqrqi
490 2703 554 2756 setis
583 2701 677 2824 apice,
706 2701 847 2757 evidenter
865 2702 987 2772 quidem,
1015 2700 1065 2755 sed
1084 2703 1172 2756 minus
1189 2703 1357 2756 incrassatis.

137 2771 208 2826 'iota
226 2773 321 2842 planta
337 2789 392 2826 non
410 2788 450 2826 us
478 2769 710 2844 3·5·policaris.
739 2771 844 2826 Redis
862 2771 951 2840 exilis,-
968 2772 1145 2845 subsimplex.
1175 2769 1276 2827 Cauiis
1294 2771 1356 2826 snb-

137 2851 259 2910 erectus,
278 2850 364 2909 teres,
388 2843 515 2910 striatas,
539 2839 597 2895 basi
615 2841 772 2911 glabratus,
795 2857 893 2896 versus
911 2842 1027 2896 medinm
1066 2858 1144 2912 arce,
1167 2842 1216 2897 snb
1236 2841 1357 2911 capitolo

137 2913 220 2968 dense
238 2912 469 2982 piloso-lanatus.
506 2909 594 2967 Folia
611 2911 726 2981 infima,
745 2913 767 2966 si
786 2912 869 2966 modo
889 2911 998 2982 adsunt,
1017 2861 1134 2981 mlnima,
1150 2912 1249 2966 lineam
1266 2912 1357 2982 longa,

137 2982 257 3051 sessilia,
276 2991 375 3050 ovata,
403 2997 439 3053 op
462 2981 548 3051 osita‚
568 2989 689 3036 caetera
705 2979 860 3050 liiiiormia,
883 2982 1083 3053 glabriuscuia,
1101 2982 1146 3037 vel
1164 2981 1227 3054 pilis
1246 2981 1356 3052 elonga·

137 3053 180 3121 ds,
198 3051 303 3124 sparsis
321 3050 384 3106 hinc
402 3053 429 3106 in
450 3053 592 3121 erectim,
610 3061 702 3120 acuta,
721 3052 1020 3122 calloso-mucronata,
1039 3053 1189 3124 inferiora
1205 3069 1295 3124 pauca
1310 3068 1358 3123 op·

136 3123 237 3197 posita,
253 3122 314 3176 basi
332 3122 452 3180 breviter
470 3131 589 3176 connata
608 3133 635 3176 et
652 3123 819 3194 vaginantin,
837 3121 894 3174 dii
904 3123 950 3177 lin.
963 3123 1056 3194 longa,
1072 3128 1232 3197 superiore
1244 3124 1359 3189 alterna,

137 3193 430 3264 semiamplericaniia,
448 3191 621 3264 aeqniionga,
639 3207 757 3248 summa
775 3193 924 3264 capitulum
941 3193 1111 3263 attingentis,
1129 3193 1208 3265 apice
1226 3211 1262 3264 ap
1285 3193 1358 3247 endi·

137 3263 198 3317 cula
215 3263 340 3317 scariosa
358 3273 455 3332 noem,
473 3263 518 3317 vei
536 3279 601 3316 raro
620 3271 679 3318 tota
696 3265 834 3332 scariosa,
857 3261 1101 3334 squamaeiormia,
1125 3261 1182 3314 2-3
1200 3263 1245 3318 iio.
1266 3212 1313 3317 lon
1333 3281 1357 3318 a.

139 3332 279 3408 Gapimla
296 3334 431 3402 solitario,
450 3333 583 3388 diametro
602 3330 804 3389 S-lil-ilneari.
832 3333 986 3390 Inuolucri
997 3351 1143 3406 squamae
1159 3281 1359 3401 multiscriasss,

137 3405 286 3472 nonnosus,
304 3404 657 3478 appressae,in1bticatae;
676 3410 839 3461 anteriores
855 3403 1028 3474 inaequales,
1048 3403 1172 3471 sensiles,
1190 3411 1297 3471 actrtae,
1315 3421 1359 3458 ru·

137 3471 285 3538 sescentes3
304 3491 419 3543 quarum
438 3476 554 3530 extimae
573 3475 760 3542 brevissimae,
779 3483 924 3544 sequentes
935 3473 1034 3526 sensim
1048 3473 1202 3538 longiorem
1221 3478 1359 3528 interme·

138 3541 207 3597 diae
224 3551 251 3595 et
268 3547 395 3598 intimae
413 3543 592 3628 subaequilon
613 3559 645 3596 ae
664 3545 819 3614 stipitatne,
838 3542 991 3606 radiantem
1014 3542 1165 3615 stipitibus
1182 3541 1288 3612 planis,
1316 3560 1358 3597 ru-

138 3609 311 3679 iescentibns,
329 3611 428 3666 lineam
440 3613 529 3684 longis
545 3623 572 3667 et
589 3561 661 3680 latis,
680 3613 800 3683 margine
817 3611 947 3666 latissime
966 3610 1092 3682 hyalinis,
1111 3613 1360 3667 intermoriturum

137 3681 201 3734 lana
217 3679 283 3733 laxa
301 3679 409 3747 ciiiatis,
428 3681 489 3734 etin
502 3683 649 3737 laminam
659 3682 852 3748 lanceolatam,
864 3681 1058 3750 acutissimam,
1074 3681 1248 3752 aequilatam,
1267 3681 1358 3749 3·3¹s,

138 3751 182 3805 lin.
200 3748 323 3820 longam,
340 3750 448 3804 niveam
465 3749 512 3804 vel
531 3761 609 3804 estus
619 3751 730 3870 ¹pallida
747 3767 868 3812 roseam,
887 3750 1039 3806 radiantem
1058 3753 1214 3821 productis,
1240 3757 1360 3808 intima·

137 3837 206 3876 rum
224 3819 336 3890 glabris,
354 3819 382 3872 in
400 3819 547 3874 luminam
565 3837 617 3874 con
629 3835 741 3888 ornnem,
758 3837 814 3874 non
831 3820 882 3873 nisi
921 3819 1052 3874 suliulam
1070 3821 1234 3888 breviorem,
1252 3837 1360 3893 semper

138 3891 244 3946 niveam
256 3888 449 3945 desinentibus.
477 3887 842 3961 Receptaculumplanum,
861 3837 971 3958 nulum,
989 3890 1095 3944 deinum
1108 3891 1360 3958 convexiuscolum,

139 3960 234 4016 leviter
252 3959 460 4018 tubercoiatum.
500 3959 636 4014 Corollne
651 3959 737 4030 dnplo
756 3958 812 4015 iere
831 3959 969 4030 longiores
989 3975 1069 4030 quam
1086 3961 1114 4014 in
1131 3959 1288 4082 Heliqqtero
1310 3961 1360 4016 Co·

139 4032 212 4095 tuln,
231 4030 282 4084 sad
298 4028 396 4083 lineam
414 4045 470 4083 non
487 4029 711 4116 superant.,§io
730 4030 810 4084 etiam
829 4027 963 4084 achaenia
980 4040 1007 4085 et
1025 4047 1133 4157 ρἻὶψιιε
1144 4047 1198 4102 pau
1222 4049 1239 4083 o
1254 4028 1361 4100 majora

138 4110 208 4188 sunt.
254 4099 398 4155 Caeterum
423 4115 514 4154 omnm
537 4099 654 4167 haecce,
680 4117 695 4153 e
780 4117 798 4154 o
820 4115 914 4224 paqqro
938 4117 1053 4177 versus·
1082 4117 1140 4156 nem
1160 4100 1255 4172 paullo
1272 4101 1361 4156 minus

138 4179 307 4239 incrassato,
325 4170 401 4226 nullo
419 4170 502 4224 modo
521 4189 539 4224 a
556 4168 712 4244 Heliptero
732 4171 839 4227 comta
886 4169 991 4227 flerunt.

82 4383 87 4392 Ι
139 4307 168 4375 d.
208 4305 517 4394 nelipternm
531 4307 734 4380 niveum
752 4310 870 4374 steen.
889 4307 1180 4388 suiiruticulosum,
1204 4319 1360 4386 erectum,

221 4391 319 4460 caule
339 4393 541 4481 ramulisque
565 4394 661 4480 apice
684 4383 934 4480 monocephaiis
958 4397 1062 4462 dense
1085 4407 1118 4462 et
1133 4415 1298 4480 appresse
1313 4394 1360 4459 ia·

223 4480 484 4558 carro-lanatis,
516 4479 605 4546 ioliis
635 4481 810 4548 sessilibus
842 4481 1023 4549 linearibus
1055 4501 1157 4566 supra
1183 4479 1362 4548 araneosis
